2667 4259
449 2274 727 2333 ‘Inferiores

452 2359 483 2389 a
516 2348 739 2404 superio-

476 2417 616 2461 ribus
651 2419 716 2465 ad

510 2486 675 2533 Deum

484 2558 688 2605 adduci.

777 322 891 379 nli
1254 338 1297 380 s:
1343 336 1590 379 nionrsn
1631 334 2018 381 Annonam-rut

772 442 865 497 nis
908 440 1211 512 participes
1253 440 1388 499 tacti
1429 449 1595 513 sunt,
1639 443 1887 513 pei-tecta
1936 443 2194 500 visarum
2235 443 2485 503 illustra-

772 542 999 598 tionum
1040 542 1279 598 scientia
1319 540 1578 597 absolvit.
1607 542 1838 598 Eorum
1866 555 2002 597 vero
2043 542 2146 612 qui
2187 542 2492 602 initiantur

776 638 861 696 vis
903 638 1089 710 prima
1130 644 1232 709 est,
1276 653 1410 709 quae
1451 639 1745 710 expiatum
1792 639 1994 695 media
2047 644 2174 711 post
2215 642 2490 711 expiatio·
2552 638 2563 643 “

774 753 929 808 nem,
970 752 1102 809 quae
1142 737 1484 811 illustratur,
1527 744 1584 795 et
1624 738 1698 793 ad
1739 737 2140 807 quorumdam,
2155 738 2492 797 Sacramen-

774 842 967 892 torum
1010 842 1382 905 conspectum
1406 834 1731 891 admittitur
1742 850 1760 905 3
1792 840 2082 905 postrema
2105 834 2362 904 denique
2389 850 2492 894 cae·

778 932 1034 1003 terisque
1088 934 1368 1005 divinior,
1423 947 1492 989 ea
1531 948 1664 1003 quae
1703 946 2000 989 sacrarum
2053 943 2200 1003 quas
2251 934 2494 1005 percipit

772 1029 1227 1087 illustrationum
1288 1036 1730 1087 consummante
1791 1030 2030 1087 scientia
2095 1030 2498 1089 collustratur..

777 1127 1011 1199 Triplex
1050 1128 1247 1198 itaque
1286 1129 1474 1185 virtus
1513 1129 1921 1198 mysteriorum
1947 1133 2161 1184 sanctae
2193 1142 2500 1187 consecra-

774 1225 948 1283 tionis
1002 1224 1291 1283 celebrata
1328 1232 1442 1296 est,
1501 1240 1635 1282 cum
1691 1241 1764 1283 ex
1819 1225 2132 1295 scripturis
2171 1228 2500 1284 ostenden--

772 1340 925 1395 muS,
966 1338 1191 1381 sacram
1234 1323 1602 1407 quidemDei
1630 1323 2120 1394 regenerationem
2161 1338 2288 1379 esse
2315 1325 2491 1381 simul

772 1424 1156 1495 expiationem
1199 1430 1255 1480 et
1294 1422 1660 1494 splendorem
1701 1420 2119 1491 illustrantem3
2149 1424 2488 1492 mysterium
2539 1440 2546 1448 ·

771 1528 965 1579 autem
1010 1521 1303 1593 synaxeos
1332 1528 1389 1578 et
1415 1520 1723 1593 Unguenti,
1753 1520 2136 1591 cognitionem
2163 1534 2290 1577 esse
2317 1528 2491 1591 atque

771 1619 1097 1697 scientiam..
1112 1626 1244 1690 quae
1286 1620 1484 1675 divina
1520 1632 1696 1689 >opera
1737 1622 2126 1685 consummat,
2168 1631 2270 1687 per
2314 1632 2488 1688 quam

770 1724 1133 1775 sacrosancte
1172 1718 1246 1775 ad
1288 1718 1552 1775 divinum
1605 1716 1994 1787 principatum
2035 1721 2092 1771 et
2133 1714 2353 1772 unifica
2392 1716 2486 1776 ad-

770 1814 965 1873 ductio
1019 1822 1077 1871 et
1130 1815 1460 1871 beatissima
1523 1814 1588 1869 fit
1639 1812 1995 1869 communio.
2060 1812 2240 1869 Nunc
2293 1819 2488 1872 autem

768 1912 1037 1982 deinceps
1056 1920 1059 1923 ’
1078 1911 1420 1981 exponenda
1461 1916 1546 1967 est
1585 1910 2312 1980 distinctio‘Sacerdotum,
2359 1926 2486 1982 quae

768 2009 829 2064 in
872 2010 1132 2065 ordinem
1161 2008 1508 2079 expiantem,
1538 2007 1942 2078 illustrantem,
1973 2006 2490 2081 perficientemque

768 2104 1057 2162 dividitur.

846 2204 967 2261 Lex
1009 2204 1245 2275 quidem
1285 2204 1412 2261 haec
1437 2210 1524 2261 est
1551 2211 1928 2263 sacrosanctae
1957 2220 2200 2262 summae
2225 2206 2485 2277 DeitatiS,

766 2308 832 2359 ut
872 2317 975 2373 per
1015 2302 1203 2375 prima
1244 2318 1377 2375 quae
1419 2310 1764 2374 sequuntur,
1795 2303 1868 2359 ad
1907 2302 2330 2360 divinissimam
2343 2304 2496 2375 ⁴ejus

765 2400 954 2459 lucem
996 2402 1376 2461 adducantur.
1420 2401 1513 2459 An
1553 2417 1672 2459 non
1715 2401 2014 2459 sensibiles
2069 2415 2306 2473 quoque
2347 2405 2500 2461 sub-·

764 2502 1003 2559 stantias
1046 2500 1464 2561 elementorum
1493 2504 1784 2557 cernimus
1825 2500 2079 2570 primum
2121 2499 2194 2557 ad
2235 2515 2322 2571 ea,
2353 2516 2486 2573 quae

762 2590 1112 2671 ipsismagis
1141 2606 1384 2671 cognata
1407 2594 1881 2669 sunu‘accedera
1921 2612 1989 2653 ac
2015 2612 2118 2669 per
2144 2597 2246 2655 illa
2271 2598 2482 2657 deinde

718 2732 723 2737 ·
761 2697 1184 2755 efficacitatem-
1210 2710 1376 2753 suam
1417 2695 1490 2750 ad
1531 2692 1644 2749 alia
1699 2693 2000 2750 derivare?
2051 2695 2252 2752 Merito
2305 2695 2484 2767 igitur

671 2804 675 2811 ·
759 2796 947 2851 omnis
976 2808 1123 2852 cum
1151 2790 1457 2851 invisibilis
1500 2796 1630 2847 turn
1667 2790 1910 2848 visibilis
1950 2792 2334 2849 distinctionis
2362 2794 2472 2851 ini-

757 2890 903 2947 tium
944 2905 1011 2949 ac
1036 2886 1213 2948 ‘sedes
1237 2888 1315 2945 ad
1343 2902 1460 2958 eos,
1503 2886 1603 2957 qui
1633 2887 2210 2960 deiformioressunt,
2239 2889 2476 2948 deificos

754 2998 891 3042 suos
932 2986 1121 3044 radios
1161 2984 1440 3056 permittit
1478 2986 1808 3056 pervenire,
1845 2992 2022 3057 atque
2062 3001 2164 3057 per
2205 2986 2355 3059 illoS,
2386 2996 2476 3045 ut·

752 3089 883 3159 pote
924 3082 1277 3154 limpidiores
1304 3083 1560 3154 spiritus,
1591 3090 1647 3140 et
1674 3084 2134 3155 participandum
2165 3085 2472 3143 traducen-

754 3180 1011 3251 dumque
1050 3180 1251 3240 lumen
1292 3181 1476 3253 magis
1519 3182 1773 3252 idoneos,
1803 3180 2188 3240 interioribus·
2213 3196 2318 3253 pro
2347 3182 2475 3240 illo·

750 3292 881 3335 rum
922 3278 1237 3348 capacitate
1276 3277 1578 3350 illucescit,
1609 3287 1664 3337 et
1699 3283 1948 3351 apparet.
1994 3280 2246 3337 Istorum
2289 3280 2471 3351 igitur

750 3383 852 3449 est,
897 3376 999 3447 qui
1038 3372 1209 3449 primi
1250 3377 1456 3439 Deum.
1481 3384 1743 3451 cernunt,
1787 3376 2166 3448 sequentibus
2207 3372 2334 3435 sine
2375 3376 2474 3433 in-
