2667 4259
484 286 555 329 DE
584 286 737 332 meon.
768 284 996 330 nmium.
1028 299 1103 315 -
1132 276 1319 332 CAPUT·
1340 288 1440 332 vu.
1609 292 1612 295 ’
1703 268 1812 333 {43
1905 272 1908 281 '

114 389 277 448 libus
316 390 559 462 tradant,
602 392 703 462 qui
744 380 1017 463 praeelare
1046 390 1106 448 in
1133 391 1342 449 divinis
1367 393 1542 451 rebus
1569 406 1817 464 puerum

114 492 363 563 erudiat,
404 493 513 549 sub
554 493 723 565 qu'us
764 492 1029 563 deinceps
1068 506 1211 550 eura
1250 479 1342 565 sit,
1371 500 1667 564 tamquam
1707 492 1819 549 sul)

40 648 47 659 ,
117 591 297 647 Patre
347 590 569 663 divino,
598 598 951 666 sanetaeque
1002 592 1203 651 salutis
1258 599 1600 667 susceptore.
1655 592 1823 649 Hune

115 688 315 761 itaque
356 690 633 763 AntisteS,
676 697 871 749 san-ete
911 692 1333 763 promittentem
1362 706 1424 749 se
1463 707 1707 763 puerum
1747 692 1823 751 ad

115 796 376 846 sanctam
416 790 615 847 vitam·
636 790 1111 861 inronnaturmn,
1160 790 1323 862 jubet
1365 791 1618 863 profiteri
1659 783 1821 851 abre-

114 887 509 946 nuntiationes
548 903 855 960 saerasque
908 890 1313 963 professiones3
1365 904 1483 948 non
1524 891 1676 949 enim
1699 936 1715 961 ,
1759 896 1824 948 ut

118 984 205 1043 iili
234 987 677 1045 subsannatores
704 972 899 1061 aiunt,
927 987 1104 1046 alium
1144 1004 1249 1060 pro
1274 988 1388 1047 alio
1415 990 1586 1047 rebus
1615 989 1824 1046 divinis

120 1084 360 1143 imbuit:
405 1100 594 1158 neque
648 1088 803 1144 enim
854 1102 1093 1159 sponsor
1133 1089 1298 1161 dioit,
1341 1086 1461 1161 Ego
1502 1103 1605 1159 pro
1631 1102 1824 1159 puero

114 1184 653 1243 abrenuntiationes
707 1186 879 1257 faeie,
944 1202 1201 1245 saorasve
1260 1188 1668 1259 professiones,
1723 1188 1826 1245 sed

114 1282 237 1340 hoe
276 1284 445 1341 modo
480 1298 727 1357 puerum
754 1284 956 1343 asserit
982 1285 1312 1343 renuntiare
1353 1298 1420 1343 ae
1459 1284 1730 1356 profiteri3
1759 1300 1826 1341 ac

120 1380 173 1435 si
212 1380 393 1438 dicat:
434 1381 712 1440 Profiteor
753 1396 846 1442 me
885 1382 1019 1439 huie
1055 1396 1252 1454 puem,
1284 1398 1418 1439 eum
1459 1397 1562 1453 per
1603 1389 1826 1441 aetatem

118 1480 447 1553 intelligere
488 1496 651 1539 saera
690 1482 913 1553 poterit,
955 1481 1161 1539 divinis
1201 1484 1344 1539 meis
1373 1482 1825 1541 institutionibus

118 1594 563 1653 persuasurum,
590 1585 661 1637 ut
686 1580 1027 1637 adversariis
1055 1581 1327 1638 nuntium
1355 1580 1590 1641 omnino
1633 1582 1826 1639 remit-

112 1684 224 1748 tat,
256 1683 312 1735 et
342 1677 537 1735 divina
576 1678 854 1749 promissa
892 1679 1244 1751 profiteatur,
1272 1687 1329 1737 et
1353 1679 1630 1740 exsolvat.
1672 1681 1826 1739 Nihil

114 1790 277 1847 erge,
326 1782 391 1833 ut
430 1778 649 1849 opinor,
694 1778 1010 1837 absurdum
1048 1783 1151 1849 est,
1182 1778 1229 1835 si
1257 1779 1330 1836 ad
1359 1778 1620 1837 divinum
1663 1780 1824 1837 insti-

98 1880 315 1931 ·tutum
355 1888 502 1945 puer
553 1875 892 1947 adducitur,
942 1890 1077 1937 unm
1130 1876 1335 1934 ducem
1377 1892 1444 1935 ae
1491 1880 1825 1949 Sponsor-em

125 1972 337 2030 habeat
364 1973 466 2044 qui
495 1988 628 2031 eum
657 1980 711 2031 et
737 1974 1061 2033 divinarum
1089 1990 1285 2046 rerum
1324 1977 1560 2035 seientia
1588 1976 1822 2050 imbuat,

126 2078 181 2127 et
222 2072 295 2129 ab
345 2072 683 2131 adversariis
734 2080 923 2132 tutum
979 2075 1275 2133 custodiat.
1330 2077 1509 2134 Porro
1562 2078 1826 2136 Pontifex

124 2184 370 2240 puerum
411 2178 729 2229 consortem
772 2173 903 2230 facit
944 2188 1240 2230 sacrorum
1283 2175 1716 2246 mysteriorum,
1759 2184 1824 2233 ut

124 2268 183 2325 in
225 2269 306 2327 eis
350 2270 645 2340 educatur,
687 2285 875 2341 neque
902 2280 1032 2343 agat
1060 2271 1234 2326 vitam
1262 2270 1452 2339 aliam,
1483 2286 1656 2339 quam
1699 2287 1826 2329 eam

130 2383 260 2437 quae
312 2369 505 2425 divina
564 2382 790 2439 semper
842 2374 1081 2439 spectet,
1131 2374 1191 2423 et
1244 2366 1577 2439 hujusmodi
1631 2376 1828 2427 saneta

122 2468 527 2525 communione
567 2467 843 2539 proficiat,
872 2472 1044 2538 atque
1074 2466 1132 2523 in
1168 2466 1257 2523 his
1295 2480 1525 2523 sacrum
1566 2450 1825 2523 habitum

124 2555 425 2635 possideat,
468 2572 523 2623 et
564 2579 599 2621 a
636 2572 963 2637 susceptore
1004 2564 1265 2622 deiformi
1306 2556 1560 2621 studiose
1601 2578 1824 2635 promo·

128 2672 342 2721 reatur.

202 2764 351 2833 Ista,
393 2763 473 2819 mi
514 2762 628 2833 fili,
674 2768 831 2831 tanta
880 2768 1113 2833 tamque
1163 2761 1442 2834 praeelara
1483 2762 1826 2825 Hierarehiae

127 2870 337 2921 nostrae
378 2860 703 2934 speetaeula
730 2861 872 2917 mihi
899 2862 1274 2933 manifestata,
1303 2863 1404 2920 sed
1431 2861 1556 2919 aliis
1584 2860 1830 2921 fortasse

124 2962 417 3019 mentibus
458 2958 992 3033 perspicacioribuS,
1045 2970 1177 3017 non·
1202 2960 1391 3018 solum
1425 2960 1580 3035 ‚haeo,
1623 2976 1826 3021 verum
1911 2980 1915 2991 ·

126 3060 297 3117 etiam
338 3059 451 3117 alia
492 3059 674 3116 multo
726 3058 1041 3115 illustriora
1078 3066 1255 3130 atque
1296 3060 1660 3121 deiformiora
1698 3076 1823 3133 per-

126 3164 319 3229 specta
346 3164 497 3215 sunt.
528 3157 681 3224 Quin
709 3163 765 3213 et
790 3156 893 3213 tibi
935 3170 1183 3228 quoque,
1212 3165 1277 3215 ut
1302 3160 1524 3230 opinor,
1553 3159 1824 3218 clariores

126 3256 558 3327 divinioresque
584 3253 1442 3327 pulchritudines·collucehunt,
1463 3257 1512 3313 si
1539 3256 1609 3314 iis
1637 3251 1822 3329 gradi-

126 3356 254 3428 buS,
300 3370 447 3427 quos
489 3355 627 3429 dixi,
668 3356 741 3414 ad
782 3353 1176 3415 sublimiorem
1205 3355 1430 3413 radium
1458 3356 1820 3414 conscendas.
1887 3358 1925 3378 '·
