2667 4259
518 312 590 355 ηε
619 310 834 355 Divinis
861 310 1168 367 resumens
1192 326 1268 341 —
1291 312 1473 359 carm·
1504 312 1578 355 vi.
1786 299 1895 359 22¹

191 412 396 487 (qnod
437 413 692 473 divinius
733 414 854 489 est)
898 428 1006 473 nos
1044 421 1210 485 totos,
1237 414 1461 475 animas
1498 416 1629 474 dioo
1671 422 1727 473 et
1766 430 1899 473 oon·

181 514 394 585 juncta
433 526 690 586 corpora,
731 514 808 573 ad
847 514 1156 585 perfectam
1197 521 1253 573 et
1293 514 1677 575 immortalem
1726 515 1903 573 vitam

189 610 602 669 translaturam
629 626 692 669 se
721 612 1010 682 promisit:
1041 611 1100 669 id
1128 612 1282 684 quod
1315 612 1644 683 antiquitati
1666 612 1902 683 quidem

187 716 392 767 contra
432 716 703 767 naturam
755 724 880 768 esse
928 710 1189 797 yidetur,
1241 708 1385 767 mihi
1428 724 1563 767 vero
1604 715 1659 767 et
1700 709 1802 767 tihi
1844 715 1901 766 et

189 806 415 865 veritati
457 807 656 867 divina
693 820 814 879 reS,
856 814 913 867 et
953 822 1130 880 supra
1167 813 1457 867 naturam.
1502 807 1691 879 Supra
1730 812 1897 865 nalu-

183 918 310 961 ram
353 911 612 961 nostram
663 905 791 963 dico
842 920 974 977 quae
1023 906 1281 977 videtur,
1325 920 1444 963 non
1494 912 1689 963 autem
1737 903 1898 965 illam

187 1001 644 1073 omnipotentem
687 1002 819 1061 vitae
860 1004 1100 1063 divinae:
1155 1002 1292 1061 huic
1346 1004 1500 1061 enim
1545 1009 1609 1063 ut
1648 1018 1783 1075 quae
1822 1005 1898 1062 sit

183 1100 452 1157 omnium
493 1102 766 1171 vitarum,
797 1108 856 1159 et
893 1115 1096 1159 earum
1138 1104 1457 1174 praesertim
1499 1118 1631 1174 qum
1656 1103 1897 1162 divinio-

184 1211 276 1255 res
317 1204 458 1255 sunt
497 1201 724 1269 natura,
761 1198 926 1256 nulla
953 1199 1074 1256 vita
1113 1204 1202 1256 est
1239 1206 1443 1258 eontra
1482 1205 1753 1257 naturam
1794 1206 1898 1257 aut

183 1308 362 1367 supra
403 1305 689 1355 naturam.
743 1297 1130 1365 Quamobrem
1173 1298 1423 1356 vesaniae
1466 1297 1717 1355 Simonis
1757 1312 1895 1355 oon·

181 1392 503 1467 tradietorij
535 1408 839 1454 sermones
891 1395 1094 1467 procul
1148 1408 1184 1453 a
1237 1396 1434 1453 divino
1486 1400 1639 1453 eoetu
1680 1402 1898 1465 tuaque

183 1490 426 1565 spiritali
467 1492 662 1551 anima
702 1493 1086 1573 repellantur:
1116 1492 1328 1551 latebat
1370 1494 1524 1551 enim
1570 1494 1779 1565 ipsum,
1810 1493 1897 1551 uti

181 1597 340 1664 puto,
379 1591 605 1649 tametsi
647 1591 756 1651 sibi
795 1592 1026 1662 sapiens
1067 1592 1387 1663 videbatur,
1418 1606 1551 1649 eum
1594 1584 1697 1663 q'ui
1740 1606 1896 1648 sanae

183 1690 394 1746 mentis
435 1689 526 1761 sit,
571 1678 819 1747 evidenti
855 1704 1059 1747 sensus
1089 1690 1309 1749 ratione
1335 1690 1618 1764 adJutrioe
1648 1689 1730 1746 uti
1758 1704 1893 1747 eon-

181 1792 268 1843 tra
310 1786 639 1845 abstrusam
681 1787 944 1845 omnium
985 1800 1220 1845 oausam
1249 1802 1365 1845 non
1396 1792 1673 1858 oportere.
1704 1786 1897 1857 Atque

179 1884 292 1941 hoo
331 1885 386 1941 ei
425 1884 738 1943 dicendum
765 1890 870 1956 est,
899 1885 958 1942 id
985 1900 1110 1944 esse
1136 1891 1339 1943 eontra
1365 1890 1633 1943 naturam
1674 1882 1893 1955 dicere,

180 1981 232 2037 ei
273 1980 434 2039 enim
473 1981 619 2039 nihil
661 1986 748 2041 est
787 1982 1161 2041 eontrarium.

260 2076 354 2135 Ab
407 2080 532 2150 ipsa
581 2079 946 2159 vivificantur
993 2087 1052 2138 et
1101 2080 1371 2141 foventur
1421 2080 1721 2153 universa,
1776 2086 1892 2137 tam

179 2175 458 2234 animalia
501 2192 678 2250 quam
721 2178 948 2251 plantae.
993 2180 1066 2236 Et
1113 2181 1236 2239 sive
1285 2180 1603 2252 spiritalem
1642 2178 1891 2249 dixeriS,

179 2278 303 2334 sive
343 2276 700 2349 rationalem,
744 2278 864 2335 sive
905 2278 1253 2347 sensitivam,
1297 2279 1418 2335 sive
1457 2277 1795 2334 nutritivam
1836 2282 1892 2335 et

177 2375 490 2445 auti-icem,
544 2374 664 2433 sive
714 2374 1201 2445 qualemcumque
1254 2374 1486 2433 tandem
1540 2374 1746 2444 vitam,
1798 2373 1889 2431 vel

181 2472 314 2531 vitae
355 2472 723 2544 principium,
764 2471 858 2530 vel
897 2472 1028 2530 vitae
1059 2472 1386 2541 essentiam,
1416 2485 1489 2529 ex
1518 2471 1641 2543 ipsa
1668 2477 1723 2527 et
1750 2471 1893 2529 vivit

177 2577 234 2629 et
280 2570 435 2643 viget
475 2583 652 2643 supra
692 2584 924 2629 omnem
967 2558 1160 2641 vitam,
1201 2575 1257 2626 et
1299 2568 1362 2625 in
1404 2568 1533 2641 ipsa·
1568 2568 1891 2629 seeundum

175 2682 420 2729 eausam
463 2669 828 2729 uniformiter
863 2670 1192 2743 praeexistit.
1232 2669 1377 2729 Nam
1406 2682 1763 2742 supraquam
1806 2669 1888 2727 vi·

181 2766 316 2825 talis
359 2773 416 2827 et
455 2766 590 2825 vitae
631 2766 983 2838 principialis
1028 2768 1170 2838 vita,
1211 2774 1268 2825 et
1307 2767 1496 2825 omnis
1543 2767 1674 2825 vitae
1714 2781 1892 2825 causa

175 2872 298 2937 est,
351 2866 615 2937 adeoque
665 2864 914 2923 vivificat
963 2871 1020 2924 et
1069 2864 1316 2937 complet
1368 2872 1545 2936 atque
1585 2864 1890 2937 distinguit

176 2965 375 3035 vitam,
419 2970 476 3021 et
517 2978 590 3023 ex
629 2963 790 3023 omni
819 2964 934 3023 vita
961 2965 1343 3038 praedicanda,
1366 2963 1539 3037 juxta
1564 2963 1889 3025 taecundam

180 3062 432 3121 vitarum
465 3061 738 3121 omnium-
763 3063 1248 3135 propagationem,
1277 3062 1434 3121 unde
1461 3068 1742 3134 tanquam
1764 3076 1887 3119 om·

1945 2147 1989 2193 A
2008 2149 2175 2193 divina

1922 2219 2022 2263 vita
2048 2218 2201 2275 viviti-

1931 2297 2111 2334 ecmtm·
2134 2297 2181 2333 et

1943 2359 2177 2417 foventur

1939 2428 2190 2487 transversa.
2276 2456 2299 2495 ς

175 3162 394 3235 nigena
433 3160 743 3231 omnisque
791 3160 908 3219 vita
956 3160 1278 3233 ooueipitur
1316 3175 1385 3221 ao
1434 3159 1790 3231 celebratur,
1832 3167 1889 3219 ot
1988 3208 1995 3217 .

175 3267 243 3319 ut
284 3256 512 3319 nullius
549 3257 766 3331 indiga,
801 3257 918 3315 imo
959 3272 1096 3317 vero
1123 3258 1256 3323 vitae
1281 3258 1647 3331 superplena,
1675 3274 1737 3316 se
1766 3259 1889 3332 ipsa

173 3357 398 3427 vivona„
443 3362 498 3413 et
533 3356 706 3426 quasi
749 3368 982 3413 omnem
1024 3355 1200 3415 vitam
1243 3355 1557 3427 vivificam,
1593 3361 1648 3412 et
1690 3369 1886 3427 super-
