2667 4259
831 268 948 327 190
1188 272 1197 279 ’
1302 283 1348 326 s.
1391 282 1638 329 momsn
1681 282 2056 327 mmmmm

828 386 1081 443 bonitate
1122 391 1295 455 atque
1335 385 1640 442 dilectione
1679 392 1736 441 et
1775 400 1972 443 amore
2013 386 2192 443 veluti
2240 386 2549 459 delinitur,

828 489 885 540 et
926 483 1273 540 oblectatur:
1304 490 1360 541 et
1379 498 1521 541 cum
1563 484 1636 538 sit
1677 498 1852 553 supra
1891 485 2102 555 omnia,
2139 490 2196 541 et
2235 500 2310 542 ex
2353 489 2544 543 omni-

828 581 940 638 bus
980 585 1282 650 exemptus
1297 624 1313 651 ,
1349 581 1429 637 -ad
1471 580 1664 636 omnia
1713 580 2032 651 demittitur
2071 581 2399 637 secundum
2441 598 2542 652 po-

754 680 765 691 ·
828 681 1090 732 testatem
1131 674 1760 746 suprasubstantialem,
1791 688 1907 744 qua
1948 684 2114 738 extra
2139 691 2202 733 se
2227 688 2350 734 non
2377 694 2541 749 egre·

582 794 743 841 Amor

560 864 761 910 zelotes.

566 1758 614 1813 s.
651 1755 738 1800 14.

526 1825 803 1879 QuomodO‘

530 1894 672 1941 Deus
707 1895 774 1941 sit

538 1976 688 2009 amor
720 1972 772 2009 ct

548 2032 759 2087 dilectio,

530 2108 578 2147 et
590 2103 779 2147 amabi-

566 2171 640 2215 1⁸⁶⁸
678 2179 729 2216 et

551 2240 769 2287 dilectus.

828 773 1037 832 diendo
1066 775 1198 830 exit.
1230 774 1390 831 Hanc
1417 775 1490 831 ob
1518 786 1750 830 causam
1783 773 1950 843 periti
1977 788 2175 831 rerum
2203 774 2542 831 divinarum

830 864 1069 929 zelotem
1104 870 1275 929 »illum
1320 877 1694 941 nuncupant,
1737 871 1893 940 quod
1936 884 2148 941 magno
2189 878 2244 927 et
2284 873 2542 944 benigno

827 982 1023 1025 rerum
1064 982 1259 1025 amore
1295 974 1592 1037 teneatur,
1639 980 1856 1037 casque
1910 968 1984 1025 ad
2039 968 2221 1038 ipsius
2263 971 2542 1027 amatorii

828 1065 1093 1123 desiderii
1162 1066 1352 1121 zelum
1377 1130 1392 1143 ,
1421 1071 1719 1135 provocet,
1787 1044 1983 1134 atque‘
2021 1065 2166 1122 adeo
2231 1067 2542 1137 semetipse

828 1161 1253 1232 quodammodo
1294 1159 1534 1217 zelotem
1575 1167 1830 1232 praestet,
1877 1167 1939 1217 ut
1977 1162 2073 1217 cui
2113 1176 2206 1219 res
2249 1162 2539 1220 desidera·

828 1257 971 1317 biles
1013 1258 1128 1314 sint
1168 1258 1291 1315 zelo
1332 1258 1537 1328 dignae,
1567 1264 1624 1315 et
1651 1262 1715 1313 ut
1744 1257 1846 1328 qui
1887 1271 2104 1328 rerum,
2147 1258 2364 1328 quibus
2407 1274 2536 1330 pro-

827 1355 997 1431 videt,
1041 1355 1163 1412 zelo
1204 1354 1508 1413 afficiatur.
1537 1353 1800 1423 Denique
1827 1353 2064 1411 omnino
2097 1354 2411 1424 pulchrum
2455 1363 2542 1412 est

826 1457 883 1509 et
922 1436 1478 1524 bonum„quidquid
1512 1449 1760 1507 amabile
1793 1456 1886 1507 est
1926 1455 1983 1506 et
2022 1464 2201 1520 amor,
2230 1457 2288 1507 et
2317 1451 2377 1507 in
2407 1453 2540 1522 pul·

825 1549 965 1607 chre
1000 1550 1274 1619 bonoque
1320 1546 1785 1618 praeconemur,
1831 1554 1894 1603 et
1941 1552 2174 1618 prepter
2219 1548 2538 1618 pulchrum

826 1654 881 1705 et
920 1648 1138 1705 honum
1175 1652 1283 1717 est,
1324 1652 1382 1702 et
1421 1644 1504 1703 at.

906 1745 1057 1813 Quid
1108 1757 1277 1815 porro
1328 1742 1561 1799 tandem
1615 1740 1938 1811 significare
1980 1742 2182 1799 volunt
2223 1742 2497 1815 Theologi
2516 1785 2534 1810 ,

825 1860 958 1903 cum
1012 1842 1326 1913 aliquando
1381 1841 1616 1910 quidem
1670 1840 1856 1895 Deum
1910 1845 2117 1897 vocant
2167 1854 2426 1897 amorem
2481 1850 2537 1899 et

824 1940 1205 2007 dilectionem,
1249 1936 1602 2007 quandoque
1635 1948 1772 1991 vero
1799 1936 2104 1992 amabilem
2133 1936 2539 1995 otdilcctum?

823 2036 987 2093 Illius
1031 2034 1264 2104 quidem
1310 2031 1331 2103 (
1347 2032 1561 2101 scilicet
1587 2032 1800 2087 amoris
1817 2024 1884 2088 'et
1911 2030 2268 2106 dilectionis)
2309 2040 2534 2105 auctor,

824 2138 879 2189 et
918 2137 1215 2199 tamquam
1256 2128 1568 2198 productor
1595 2140 1662 2183 ac
1691 2133 1994 2197 generator
2033 2135 2149 2198 est3
2185 2128 2294 2185 hoc
2333 2136 2532 2187 autem

825 2225 927 2300 (id
967 2232 1053 2283 est
1094 2224 1358 2282 amabilis
1399 2230 1456 2280 et
1497 2222 1784 2296 dilectus)
1834 2224 1958 2293 ipse
2001 2230 2101 2280 est.
2146 2224 2254 2282 Illo
2296 2206 2536 2294 quidem

824 2322 927 2397 (id
969 2330 1055 2381 est
1088 2336 1287 2379 amore
1328 2328 1384 2379 et
1426 2318 1771 2392 dilectione)
1825 2326 2120 2391 movetur,
2171 2320 2281 2378 hoc
2333 2328 2538 2377 autem

826 2420 927 2496 (id
984 2430 1069 2479 est
1120 2426 1189 2477 ut
1233 2418 1505 2477 amabilis
1559 2423 1614 2474 et
1669 2415 1954 2489 dilectus)
2006 2422 2228 2487 movet3
2282 2417 2422 2487 quia
2471 2432 2538 2474 se

760 2544 769 2553 ·
824 2520 945 2591 ipse
986 2518 1244 2589 adducit,
1280 2523 1346 2574 et
1385 2516 1494 2573 sihi
1535 2514 1785 2583 adducit,
1829 2522 1886 2571 et
1925 2520 2135 2572 movet.
2177 2513 2296 2571 Hac
2336 2520 2534 2571 autem

821 2618 1043 2675 ratione
1076 2615 1351 2672 dilectum
1379 2619 1441 2671 et
1477 2609 1785 2668 amabiiem
1809 2626 1950 2669 eum
1977 2618 2200 2693 vocant,
2231 2618 2532 2682 tamquam

820 2712 1129 2785 pulchrum
1173 2718 1228 2767 et
1268 2712 1486 2767 honum
1498 2724 1517 2779 5
1564 2720 1820 2764 amorem
1861 2722 1998 2766 vero
2043 2722 2250 2765 rursus
2291 2715 2347 2766 et
2387 2708 2532 2766 dile·

822 2810 1089 2878 ctionem,
1118 2814 1414 2877 tamquam
1447 2805 1565 2860 vim
1607 2805 1924 2876 motricem,
1952 2812 2007 2862 et
2035 2820 2270 2863 sursum
2299 2806 2532 2863 trahen-

820 2912 938 2963 tem
978 2904 1053 2961 ad
1094 2919 1171 2973 se,
1216 2902 1316 2973 qui
1357 2900 1516 2958 solus
1555 2908 1642 2957 est
1681 2901 1873 2971 Ipsum
1901 2917 2001 2972 per
2028 2918 2090 2960 se
2117 2902 2426 2974 pulchrum
2465 2910 2530 2960 et

822 3004 1059 3071 bonum,
1088 3006 1145 3057 et
1175 3006 1472 3069 tamquam
1515 2999 2028 3057 manifestationem
2069 3002 2164 3057 sui
2203 3000 2384 3071 ipsius
2424 3002 2532 3070 pei·

820 3100 1107 3169 seipsum,
1150 3104 1206 3155 et
1246 3103 1310 3153 ut
1362 3097 1678 3168 benignum
1727 3111 2058 3167 processum
2100 3098 2327 3155 eximiae
2365 3096 2532 3153 illius

822 3184 1075 3265 unicum,
1118 3202 1174 3251 et
1213 3194 1552 3252 amatoriam
1593 3196 1920 3263 motionem,
1951 3193 2288 3265 simplicem,
2319 3206 2424 3264 per
2461 3208 2530 3250 se

822 3290 1111 3365 mobilem,
1154 3306 1257 3365 per
1294 3307 1358 3349 se
1398 3300 1744 3364 operantem,
1773 3292 2232 3362 praeexistentem
2261 3290 2324 3349 in
2351 3292 2528 3361 bone,
