2667 4259
439 429 486 479 pt
511 433 682 468 rerum

448 493 672 539 omnium

467 563 663 608 abdica·

499 632 631 677 tione

452 702 675 759 assumi·

518 780 619 819 tur.

464 1180 672 1237 Hyste'oa

451 1249 685 1309 profanis

465 1320 671 1365 minime

439 1390 716 1436 commum·-

484 1460 660 1505 canda.

455 1528 582 1576 Psal.
608 1528 696 1600 1?-

461 1618 465 1622 ·
529 1598 618 1645 13.

452 1984 710 2041 Quomodo

485 2058 540 2101 ia
561 2056 673 2100 Deo

494 2125 671 2171 >omnia

439 2195 712 2253 affirman-

510 2265 572 2319 da
611 2270 660 2309 at

455 2334 702 2394 myanda.

513 2868 565 2923 3.
603 2864 652 2910 ³.

487 2937 602 2990 Quoe
638 2934 707 2979 sie

452 3006 628 3053 -brevis
657 3010 704 3048 et

533 3076 648 3133 susa

455 3143 743 3204 meolam.

733 302 850 361 262
1211 322 1262 365 s,
1306 320 1557 389 moxtrjsu
1598 322 1976 367 AnnoerrrAE

734 440 803 483 ea
843 440 975 497 quae
1015 432 1153 484 sunt
1195 434 1250 484 et
1291 442 1423 498 quae
1450 440 1569 483 non
1596 433 1733 484 sunt
1768 427 2057 497 universa,
2087 433 2153 484 ut
2180 428 2255 485 ad
2282 405 2461 485 unio-⁶

733 537 870 583 nem
911 524 1070 597 eJuS,
1127 526 1229 598 qui
1282 540 1463 597 supra
1514 522 1822 584 essentiam
1874 532 1930 583 et
1982 526 2280 583 seientiam
2333 532 2460 597 est,

738 631 1023 697 quantum
1051 627 1138 683 fas
1165 632 1286 697 est„
1303 625 1891 683 indemonstrabiliter
1919 638 2227 698 assurgas3
2270 627 2461 696 siqui-

738 726 869 783 dem
897 732 1013 796 'per
1052 724 1294 783 liberam
1337 731 1392 783 et
1432 722 1774 794 absolutam,
1806 730 1861 781 et
1888 720 2095 794 puram
2138 724 2222 782 tui
2265 725 2464 797 ipsius

737 836 798 881 a.
813 823 986 881 rebus
1028 824 1297 880 omnibus
1350 822 1773 892 avocationem,
1824 823 1899 879 ad
1950 822 2464 893 supernaturalem

739 918 908 977 illum
943 919 1214 992 caliginis
1249 921 1461 998 diyinae
1492 920 1745 991 radium,
1780 920 2049 979 detractis
2080 922 2357 979 omnibus
2401 927 2467 978 et

740 1030 776 1071 a
814 1017 1040 1073 eunetis
1077 1010 1411 1088 expedituS,
1439 1018 1713 1091 eveheris

822 1114 957 1171 Haee
996 1122 1190 1172 autem
1237 1116 1381 1186 vide,
1412 1128 1487 1173 ne
1526 1117 1659 1185 quis
1700 1112 1905 1173 audiat
1937 1116 2271 1173 rudiorum:
2316 1116 2467 1173 istos

743 1213 889 1284 dieo,
920 1214 1022 1284 qui
1064 1215 1238 1271 rebus
1283 1212 1733 1287 (naturalibus)
1776 1214 2195 1283 adhaerescunt,
2223 1220 2280 1271 et
2308 1213 2467 1270 nihil

743 1312 899 1385 ultra
948 1310 1260 1369 naturalia
1289 1310 1805 1381 supernaturaliter
1852 1326 1981 1368 aese
2030 1311 2467 1383 imaginantur,

745 1398 1008 1486 quinimo
1047 1398 1407 1467 arbitrantur
1446 1404 1554 1465 s'ua
1586 1408 1920 1481 cognitione
1958 1422 2131 1466 nosse
2160 1422 2319 1479 eum,
2356 1400 2469 1479 qui

745 1507 941 1579 posuit
999 1508 1266 1565 tenebras
1299 1504 1640 1571 ,latibulum
1702 1520 1893 1562 suum.
1951 1506 2118 1573 Quod
2173 1506 2221 1563 si
2282 1497 2471 1577 supra

743 1590 979 1675 'captum
1019 1604 1229 1661 horum
1265 1605 1381 1660 sint
1416 1603 1742 1661 divinorum
1780 1606 2185 1673 mysteriorum
2229 1604 2467 1661 institu-

748 1702 930 1761 tiones
941 1719 962 1774 3
1007 1703 1149 1774 quid
1190 1702 1399 1759 dixerit
1451 1702 1585 1772 quis
1636 1702 1707 1759 de
1758 1701 1872 1760 illis
1915 1702 2017 1773 qui
2058 1702 2242 1773 magis
2285 1702 2469 1759 rudes

749 1806 904 1871 sunt,
947 1801 1050 1871 qui
1090 1814 1379 1857 summam
1420 1814 1654 1856 eausam
1696 1800 1975 1870 omnium,
2004 1790 2079 1856 ex
2113 1799 2183 1855 iis
2226 1812 2362 1871 quae
2406 1800 2470 1857 in

750 1904 961 1971 natura
987 1912 1184 1954 rerum
1213 1904 1471 1954 extrema
1498 1903 1633 1952 sunt
1658 1896 1983 1968 designant,
2004 1895 2270 1966 nihilque
2296 1896 2471 1967 aiunt

753 2008 880 2053 eam
920 1993 1260 2051 antecellere
1302 1994 1494 2063 impiis
1534 1992 1854 2051 multarum
1898 1994 2218 2051 formarum
2261 1995 2465 2067 imagi·

753 2093 956 2161 nibuS,
1003 2106 1147 2161 quas
1189 2092 1297 2161 ipsi
1339 2074 1599 2162 fingunt,
1649 2106 1785 2147 eum
1827 2098 2111 2163 oporteret
2156 2093 2216 2150 in
2258 2108 2356 2163 ea,
2404 2100 2472 2149 ut

755 2188 1016 2245 omnium
1058 2202 1250 2259 eausa,
1293 2202 1494 2245 omnes
1523 2188 1744 2245 entium
1773 2188 2186 2247 affirmationes
2214 2196 2473 2249 statuere

757 2297 824 2342 ac
865 2286 935 2343 de
974 2300 1042 2344 ea
1082 2286 1407 2356 affirmare,
1462 2278 1609 2357 quin
1660 2284 1789 2342 illas
1839 2287 1991 2358 ipsas
2046 2302 2246 2345 omnes
2288 2286 2360 2346 de
2403 2302 2475 2346 ea

758 2384 940 2457 magis
989 2384 1218 2466 proprie
1265 2377 1507 2455 negare,
1550 2390 1845 2453 tamquam
1898 2398 2075 2455 supra
2126 2386 2319 2443 omnia
2372 2399 2473 2443 su-

757 2482 1172 2553 perexistente,
1217 2494 1324 2537 nee
1376 2472 1703 2537 existimare
1753 2482 2084 2551 negationes
2136 2481 2474 2540 affirmatio-

759 2580 933 2638 nibus
969 2594 1098 2636 esse
1137 2579 1483 2649 contrarias,
1528 2578 1627 2635 sed
1671 2578 1851 2647 ipsam
1894 2578 2079 2636 multo
2122 2580 2372 2650 priorem
2418 2585 2477 2637 et

759 2677 1117 2748 superiorem
1155 2674 1579 2745 privationibus
1604 2687 1731 2731 esse
1755 2688 1935 2746 supra
1968 2684 2205 2733 omnem·
2228 2682 2283 2733 et
2312 2674 2474 2733 abla—

753 2766 992 2843 tionem,
1033 2780 1112 2847 et,
1131 2772 1487 2843 positionem.
2140 2757 2147 2762 ’

763 2880 770 2889 ·
840 2872 958 2927 Hae
983 2874 1186 2941 utique
1213 2865 1433 2928 ratlbne
1468 2869 1635 2926 divus
1668 2870 2127 2929 Bartholomaeus
2154 2871 2263 2941 ait,
2290 2877 2349 2929 et
2377 2887 2475 2929 oo-

761 2968 980 3039 piosam
1021 2984 1146 3026 esse
1185 2966 1571 3039 Theologiam,
1615 2974 1671 3025 et
1710 2969 2029 3040 minimam,
2064 2976 2243 3041 atque
2282 2970 2477 3027 Evan-

764 3063 978 3138 gelium
1019 3064 1278 3135 amplum
1327 3071 1385 3121 et
1433 3078 1741 3138 magnum,
1790 3074 1849 3124 et
1899 3082 2105 3124 rursus
2148 3068 2474 3126 concisum.

763 3162 936 3249 Illud,
977 3168 1043 3219 ut
1081 3160 1225 3217 mihi
1269 3160 1513 3235 videtur,
1542 3163 1753 3222 eximie
1795 3163 2139 3238 intelligens,
2176 3166 2334 3237 quod
2372 3166 2475 3223 be-

671 3304 675 3309 .
764 3256 942 3331 nigna
981 3258 1241 3315 omnium
1279 3272 1460 3315 eausa
1501 3260 1574 3316 sit
1612 3266 1672 3317 et
1700 3250 2087 3347 multiloqua,
2126 3268 2187 3320 et
2226 3260 2475 3319 brevilo-

703 3386 708 3393 s

763 3369 886 3430 qua
921 3342 1110 3415 'simul
1167 3360 1341 3427 atque
1402 3342 1623 3415 nullius
1686 3357 1995 3432 sermoniS,
2054 3364 2249 3434 utpote
2302 3356 2478 3431 cujus
