2667 4259
583 619 628 674 s.
671 616 717 663 a.

541 690 666 743 Ouid
691 689 755 733 sit

516 768 708 818 tempus
745 765 794 805 et

821 304 936 362 244
1296 319 1343 362 s.
1388 318 1633 362 mosrsn
1674 316 2047 360 Annomotrffi

819 423 1128 494 doquidem
1168 422 1391 496 unita5‚
1434 435 1683 494 quaeque
1736 423 1789 479 ei
1842 399 2032 480 {licina
2070 426 2209 478 sunt
2260 420 2527 480 numeris

819 521 1048 596 longius
1087 523 1403 596 progressis
1440 527 1725 596 praestent.
2404 573 2409 582 .

852 619 860 628 ⁴
899 620 1100 696 Operae
1137 623 1386 696 pretium
1426 628 1618 680 autem
1660 621 1843 693 duct),
1882 626 1947 678 ut
2002 619 2275 695 temporis
2316 626 2372 678 et
2414 621 2527 678 aevi

815 736 918 778 seu
960 721 1289 780 aeternitatis
1316 707 1583 778 naturam
1610 733 1684 778 ex
1710 717 2018 790 scripturis
2056 717 2235 776 saeris
2260 717 2523 776 addisca-

529 833 778 876 oeternttas
817 833 977 878 mus:
1020 834 1210 892 neque
1235 819 1392 878 enim
1426 818 1663 876 omnino
1702 823 1759 876 et
1796 817 2057 900 absolute
2080 823 2221 897 sunt
2259 816 2526 890 ingenita

510 915 598 948 '⁶²‘
611 914 788 955 oevum,
820 932 1062 990 vereque
1101 917 1474 990 sempiterna,
1528 931 1661 990 quae
1706 916 1920 990 passim
1962 923 2177 974 aeterna
2213 923 2423 974 vocant
2464 926 2525 974 et

511 979 561 1018 et
593 987 698 1031 φησι
726 973 786 1016 ab

537 1044 600 1087 m
627 1044 770 1087 deno·
817 1017 1176 1089 incorrupta,
1237 1015 1698 1088 immortaliaque
1750 1022 1809 1074 et
1860 991 2273 1088 immutabilia,
2340 1022 2525 1088 atque

519 1115 788 1158 minentur.
818 1116 1016 1175 eodem
1057 1116 1228 1176 modo
1268 1131 1330 1175 se
1360 1115 1670 1188 habentia:
1712 1114 1859 1174 sicut
1908 1129 2045 1174 oum
2084 1115 2281 1188 aiunt,
2321 1115 2525 1174 Eleva-

529 1223 656 1276 Ps'al.
686 1230 770 1277 23.
815 1217 955 1274 mini
977 1220 1153 1289 ρον-ἰω
1193 1215 1509 1288 cateruam,
1544 1220 1602 1272 et
1632 1213 1856 1272 similia.
1902 1212 2307 1286 Saepenumero
2340 1215 2526 1273 etiam

589 1302 635 1347 7.
668 1303 716 1347 9.

814 1316 1224 1388 antiquissima.
1254 1329 1503 1388 qumque
1540 1313 1871 1373 aeternitatis
1918 1312 2298 1386 appellatione
2336 1314 2523 1386 signi-

737 1435 742 1440 ·
815 1415 1020 1486 fleant,
1074 1421 1140 1472 ut
1198 1429 1334 1474 eum
1398 1414 1723 1472 universam
1786 1413 2057 1487 temporis
2110 1413 2293 1470 nostri
2344 1413 2523 1471 dura·

814 1512 1029 1571 tionem
1071 1514 1447 1586 aeternitatem
1502 1519 1735 1585 vocant,
1786 1518 2072 1604 quatenps
2112 1511 2374 1570 videlicet
2418 1529 2522 1570 an-

815 1610 1044 1683 tiquum
1087 1627 1210 1670 esse
1250 1619 1306 1670 et
1360 1611 1745 1682 immutabile,
1800 1617 2102 1682 totumque
2132 1625 2139 1632 ·
2168 1625 2363 1668 rerum
2404 1619 2523 1669 sta-

816 1717 938 1768 tum
959 1724 1296 1784 mensurare
1315 1711 1613 1784 proprium
1632 1715 1719 1767 est
1740 1709 2089 1792 aeternitatis.
2112 1709 2359 1782 Tempus
2381 1725 2523 1768 vero
2578 1713 2585 1718 “

810 1808 1100 1882 appellant
1140 1810 1199 1868 id
1239 1809 1415 1881 quod·
1434 1815 1731 1868 mensurat
1754 1808 2179 1882 generationem
2218 1815 2274 1866 et
2314 1823 2521 1868 corru-

809 1908 1065 1981 ptionem
1105 1915 1280 1981 atque
1315 1908 1731 1981 alterationem,
1756 1907 2029 1982 quodque
2067 1907 2209 1966 alias
2234 1907 2420 1972 aliter
2458 1925 2523 1967 se

811 2005 1012 2084 hahet:
1054 2013 1230 2078 atque
1285 2007 1365 2086 ita
1414 2020 1553 2077 noS‚
1606 2020 1753 2077 quos
1807 2006 1903 2065 hie
1942 2012 2183 2078 ,tempus
2222 2006 2421 2065 definit
2462 2016 2523 2066 et

813 2103 1248 2176 circumscribit,
1269 2104 1643 2168 aeternitatem
1672 2111 2079 2163 consecuturos
2106 2119 2233 2164 esse
2260 2105 2521 2178 Scriptu-

812 2217 880 2261 ra
921 2203 1122 2276 tradit,
1165 2219 1298 2262 eum
1325 2203 1400 2262 ad
1428 2204 1802 2262 aeternitatem
1842 2219 1973 2276 quae
2014 2219 2131 2262 non
2174 2204 2387 2277 interit,
2418 2207 2519 2264 sed

809 2315 1036 2374 semper
1071 2303 1272 2362 eodem
1308 2303 1485 2362 >modo
1522 2318 1585 2360 se
1624 2303 1824 2375 habet,
1850 2303 2314 2376 pervenerimus
2358 2305 2519 2373 Quin

812 2401 984 2459 etiam
1037 2401 1100 2460 in
1153 2400 1465 2474 seripturis
1504 2401 1817 2474 aliquando
1869 2385 2057 2460 aevum
2106 2402 2427 2476 temporale
2466 2412 2523 2462 et

811 2503 1090 2558 aeternum
1116 2506 1344 2574 tempus
1370 2499 1690 2558 celebratur
1701 2516 1722 2572 3
1762 2501 1987 2559 tametsi
2014 2501 2247 2573 seimus
2274 2502 2349 2560 ab
2378 2501 2522 2576 ipsis

813 2591 944 2670 quae
983 2597 1165 2672 magis
1205 2598 1432 2670 proprie
1459 2605 1615 2670 sunt,
1644 2597 1834 2671 potius
1872 2613 1976 2671 per
2016 2588 2223 2672 ae'vum,
2252 2615 2387 2673 quae
2416 2617 2521 2660 au-

809 2701 926 2754 tem
977 2697 1156 2769 fiunt,
1197 2699 1388 2771 potius
1442 2712 1547 2770 per
1598 2705 1823 2772 tempus
1876 2698 2067 2757 efferri
2118 2705 2198 2759 et·
2216 2699 2521 2758 declarari.

811 2792 1043 2868 Oportet
1083 2795 1260 2868 igitur
1297 2803 1416 2860 non
1444 2794 1777 2870 simpliciter
1800 2795 2064 2854 arbitrari
2092 2811 2161 2854 ea
2188 2811 2321 2870 quae
2348 2805 2518 2857 aeter·

808 2907 887 2952 na
925 2894 1215 2966 dicuntur,
1256 2900 1539 2958 coaeterna
1578 2910 1703 2954 esse
1741 2897 1877 2967 Deo,
1907 2894 2011 2967 qui
2048 2901 2133 2952 est
2174 2902 2309 2968 ante
2348 2905 2517 2956 aeter-

807 2991 1064 3064 nitatem,
1105 2992 1206 3050 sed
1245 2992 1457 3064 potius,
1496 3000 1800 3064 sequentes
1828 2993 2157 3064 incorrupte
2184 2977 2517 3066 Scripturas

718 3159 726 3170 ,
807 3087 1058 3146 maxime
1098 3090 1469 3163 veneranda8‚
1510 3097 1729 3164 oportet
1770 3096 1984 3148 aeterna
2010 3090 2265 3164 quidem,
2292 3097 2348 3149 et
2376 3107 2517 3164 quae

807 3184 870 3262 in
909 3191 1162 3260 tempore
1201 3193 1357 3258 sunt,
1384 3187 1703 3264 secundum
1744 3187 1943 3248 modos
1984 3187 2046 3246 in
2080 3187 2168 3246 eis
2202 3195 2377 3247 notos
2418 3205 2513 3248 ae·

807 3284 1026 3356 cipere3
1067 3285 1255 3345 media
1295 3301 1430 3346 vero
1472 3287 1621 3346 inter
1660 3301 1727 3346 ea
1766 3301 1899 3360 quae
1940 3295 2077 3348 sunt
2102 3294 2161 3346 et
2186 3303 2319 3361 quae
2358 3289 2515 3346 fiunt

808 3381 908 3447 illa
947 3390 1345 3460 numerantur,
1390 3398 1771 3462 quaecumque
1808 3386 2014 3460 partim
2057 3401 2245 3448 aevum
2288 3393 2343 3446 et
2376 3399 2513 3460 par·
