2667 4259
566 319 636 359 ns
655 318 816 359 eccs.
842 318 1075 360 memte.
1108 332 1181 345 --
1210 318 1390 360 CAPUT
1421 318 1514 359 vr„
1775 300 1886 357 129

206 420 347 479 Ordo
383 428 577 479 autem
604 423 1021 479 cuisacrorum
1060 428 1323 493 aspectus
1363 420 1714 491 indulgetur,
1759 419 1890 489 pius

203 524 281 574 est
314 519 581 591 populus.
624 520 777 577 Ordo
816 527 1011 577 autem
1050 521 1333 592 perfectus
1368 514 1466 577 ‘est
1505 516 1890 589 singularium

199 616 611 677 nonachorum.
640 620 725 677 Ita
752 620 904 677 enim
934 620 1263 678 Hierarchia
1298 625 1496 679 nostra
1531 616 1828 675 ordinibus
1855 632 1894 673 a

198 715 309 773 Deo
350 718 571 777 traditis
610 725 804 797 sancte
844 720 1076 793 digesta,
1120 718 1428 776 conformis
1456 718 1540 773 est
1567 715 1890 773 caelestibus

199 812 533 873 isserarchiis
547 860 564 887 ‚
618 818 759 875 dnm
810 818 1113 876 deiformes
1167 824 1333 875 notas
1386 816 1664 888 signaque
1704 815 1890 871 Deum

196 914 563 983 exprimentia
602 930 706 986 pro
746 916 965 975 viribus
1005 917 1320 974 conservat.

278 1012 389 1070 Sed
431 1014 659 1086 objices,
690 1015 749 1072 in
778 1016 1097 1075 caelestibus
1122 1012 1466 1073 Hierarchiis
1509 1026 1625 1070 non
1653 1024 1776 1069 esse
1803 1025 1888 1068 or-

194 1110 351 1183 dines
378 1113 481 1183 qui
508 1115 811 1185 expientur
840 1113 1035 1188 (nefas
1060 1116 1215 1173 enim
1242 1115 1532 1173 et.falsum
1561 1120 1645 1171 est
1669 1113 1886 1182 dicere,

196 1210 475 1269 caelestem
530 1214 859 1291 quempiam
910 1210 1331 1276 distinctionem
1381 1228 1506 1271 esse
1553 1210 1756 1269 sceleri
1795 1212 1890 1267 ob-

194 1310 461 1385 noxiam)
504 1323 610 1383 ego
639 1327 799 1383 vero,
828 1313 940 1371 nisi
966 1328 1002 1369 a
1029 1313 1396 1369 Sanctissima
1433 1325 1668 1381 prorsus
1697 1315 1888 1367 mente

192 1406 469 1480 aberrem,-
512 1410 749 1468 omnino
792 1411 1143 1481 affirmarim,
1186 1410 1438 1467 caelestes
1465 1408 1738 1467 essentias
1765 1422 1888 1465 esse

1933 1373 2168 1427 Qumwm

2009 1445 2108 1489 sim

187 1504 449 1579 penum,
488 1508 932 1583 immaculatam,
984 1514 1157 1581 atque
1208 1506 1665 1579 supramundiali
1719 1507 1886 1563 modo
1916 1515 2194 1560 coele-semus

187 1616 423 1659 omnem
478 1604 688 1661 habere
740 1605 1060 1675 puritatem.
1114 1606 1257 1663 Nam
1302 1605 1361 1662 si
1413 1620 1544 1675 quae
1583 1605 1644 1662 in
1685 1604 1886 1662 vitium

128 1681 131 1689 ¹
189 1698 461 1770 prolapsa
498 1702 603 1772 sit,
659 1704 929 1761 continuo
977 1704 1155 1771 etiam,
1188 1719 1223 1761 a
1262 1704 1469 1764 eaelesti
1521 1704 1624 1761 illa
1661 1705 1888 1776 purissi-

183 1811 401 1867 maque
442 1799 770 1857 divinarum
812 1801 1093 1859 mentium
1134 1802 1432 1860 harmonia
1472 1804 1690 1874 defecit,
1721 1809 1776 1860 et
1813 1804 1886 1861 ad

186 1896 492 1954 obscuram
534 1899 855 1968 apostaticae
897 1901 1079 1957 turhae
1120 1900 1350 1957 ruinam
1390 1901 1649 1973 pertinet.
1683 1901 1888 1959 Sancte

192 1998 385 2061 tamon
427 1993 596 2051 etiam
640 1996 802 2053 fateri
845 1996 1025 2068 liceat,
1069 1997 1128 2055 in
1170 1999 1378 2057 caelesti
1420 1998 1764 2071 Hierarchia,
1787 2017 1884 2059 ‘re-

190 2106 317 2154 rum
362 2107 505 2163 quas
546 2094 822 2153 hactenus
864 2096 1219 2169 ignorarunt,
1259 2098 1700 2159 illustrationem
1741 2100 1882 2159 infe·

192 2190 437 2251 rioribus
488 2195 707 2251 naturis
750 2210 871 2253 esse
920 2198 1231 2267 quamdam
1271 2198 1428 2256 velut
1467 2200 1843 2271 expiationem
1863 2246 1882 2271 ‚

191 2303 299 2370 que
320 2297 397 2348 et
439 2291 513 2349 ad
552 2292 942 2362 perfectiorem
983 2308 1175 2349 rerum
1218 2293 1542 2363 divinarum
1581 2296 1880 2354 scientiam

186 2389 571 2458 adducuntur,
612 2396 668 2447 et
708 2404 745 2445 a
783 2404 996 2458 rerum,
1037 2402 1287 2459 quarum
1328 2388 1604 2473 hactenus
1641 2391 1884 2450 scientia

188 2494 513 2561 quaerunt,
542 2487 897 2559 ignoratione
926 2486 1347 2557 quodammodo
1373 2492 1710 2558 purgantur,
1731 2488 1880 2546 dum

186 2598 217 2639 a
267 2587 473 2657 primis
526 2594 583 2643 et
635 2586 1009 2645 divinioribus
1062 2586 1323 2643 essentiis
1383 2586 1456 2645 ad
1517 2585 1880 2648 sublimiores

187 2680 587 2755 clarioresque
607 2684 933 2741 divinarum
976 2683 1519 2754 contemplationum
1549 2680 1879 2743 illustratio-

157 2772 281 2837 'nes
321 2789 773 2855 promoventur:
830 2789 1001 2853 atque
1054 2782 1133 2839 ita
1188 2782 1247 2839 in
1302 2782 1512 2839 caelesti
1551 2780 1882 2841 Hierar'cbia

114 2860 123 2875 ⁸
188 2881 350 2940 etiam
394 2881 627 2939 ordines
668 2886 804 2937 sunt
846 2896 945 2951 qul
974 2880 1334 2939 illustrantur
1363 2888 1418 2938 et
1445 2882 1546 2953 qui
1572 2882 1876 2955 perficiun-

190 2985 294 3052 tur,
336 2982 491 3039 sieut
532 2968 647 3053 qui'
674 2986 937 3051 purgant,
980 2988 1035 3036 et
1062 2979 1164 3053 qui
1190 2980 1508 3053 illustrant,
1551 2988 1605 3039 et
1633 2982 1733 3053 qui
1760 2999 1878 3055 per-

190 3080 423 3150 ileiunt3
451 3080 531 3136 sie
572 3082 635 3136 ut
678 3084 915 3148 naturae,
946 3092 1075 3148 quae
1115 3092 1396 3149 supremae
1436 3095 1503 3137 ac
1543 3082 1762 3141 oaeteris
1803 3082 1879 3141 di-

192 3176 455 3249 vinioreS,
498 3176 896 3233 subordinatas
938 3174 1044 3231 sibi
1084 3188 1274 3235 sacras
1314 3192 1382 3235 ac
1423 3180 1672 3239 caelestes
1712 3182 1876 3239 ador·

192 3278 447 3335 nationes
472 3278 547 3333 ab
572 3275 727 3335 omni
756 3275 989 3346 quidem
1032 3275 1384 3345 ignoratione
1413 3275 1627 3349 (modis
1665 3280 1880 3337 scilieet

192 3376 515 3435 caelestibus
556 3376 675 3435 istis
714 3374 1057 3435 Hierarchiis
1096 3378 1556 3453 accommodatis)
1600 3386 1842 3451 purgent
1855 3397 1874 3449 3

1602 3478 1637 3534 9

1919 1582 2174 1631 ordinibus

1936 1658 2170 1716 expiatio-

2005 1742 2108 1773 nes.
