2667 4259
508 284 581 327 nn
607 284 743 330 ann.
775 284 1001 329 mama.
1035 300 1106 315 -
1138 285 1324 353 catur
1349 286 1472 331 xm.
1762 273 1835 330 47-

165 383 318 446 nobis
357 395 634 459 praesunt,·
665 395 990 447 sanctorum
1030 404 1098 447 ac
1139 390 1434 447 beatorum
1470 388 1839 462 Angelorum,

165 485 324 557 cujus
351 485 759 545 illuminatrice
773 488 1218 565 manuductione
1243 488 1316 546 ad
1342 487 1655 559 spiritalem
1676 488 1850 565 istam

163 582 686 655 contemplationem
733 585 916 655 fuerat
963 593 1190 643 evectus
1203 631 1220 658 ,
1272 588 1336 659 ip
1384 601 1501 658 qua
1548 600 1844 657 supremas

163 682 284 740 illas
325 684 596 742 essentias
638 682 848 756 (quasi
899 686 958 743 in
1009 686 1306 757 symbolis,
1360 692 1427 743 ut
1474 686 1557 743 sic
1594 678 1843 759 loquar)

165 782 296 839 vidit
334 783 486 841 infra
524 784 708 841 Deum
749 790 804 841 et
839 782 1025 865 Juxta·
1047 784 1233 841 Deum
1261 789 1316 841 et
1342 785 1495 842 eirca
1516 785 1705 864 Delum
1728 782 1842 841 eel-

161 878 380 951 locataS‚
400 886 595 952 atque
633 881 894 939 omnium
911 881 1162 953 ·insuper
1188 880 1841 955 ipsarum'superineffa-

160 978 342 1036 hiliter
373 980 718 1040 eminentem
749 977 1294 1053 superprincipalem
1321 982 1611 1051 verticem,
1637 982 1699 1039 in
1728 996 1841 1039 me·

159 1076 250 1133 dio
277 1077 824 1148 supereminentium
849 1078 1128 1136 virtutum
1167 1082 1609 1153 superpositum.
1638 1080 1845 1137 Didicit

162 1172 364 1245 itaque·
393 1190 467 1233 ex
495 1176 672 1233 'hisce
713 1159 1024 1236 visionibus
1067 1178 1425 1252 Theologu8,·
1458 1180 1843 1249 divinitatem,

159 1275 470 1363 secunclum
497 1284 728 1339 omnem
755 1278 1248 1347 supernaturalem
1283 1259 1694 1347 excellentiam,
1722 1278 1847 1335 sine

159 1373 578 1445 comparatione
617 1382 887 1445 praestare
913 1376 1071 1433 omni
1100 1377 1316 1435 visibili.
1342 1384 1397 1434 et
1424 1375 1697 1436 iri-risibili
1731 1377 1843 1434 vir-

159 1473 280 1542 tuti,
314 1474 700 1545 omnibusque
731 1475 970 1545 insuper
1001 1483 1322 1547 exemptam
1354 1490 1497 1546 esse,
1523 1482 1589 1533 ut
1614 1490 1744 1547 quae
1772 1490 1847 1533 ne

160 1572 361 1644 primis
401 1564 630 1643 quidem
673 1573 794 1631 istis
835 1576 1094 1632 essentiis
1128 1574 1451 1633 ullomodo
1484 1568 1685 1631 ‘similis
1723 1574 1845 1631 oxi-

157 1676 304 1726 stat:
333 1670 404 1727 ad
431 1671 570 1743 baec,
598 1673 776 1744 ips-am
819 1674 1078 1731 omnium
1105 1688 1228 1731 esse
1259 1672 1604 1744 principium
1631 1678 1687 1729 et
1712 1686 1844 1729 cau·

1880 789 2011 839 Visio
2040 790 2151 838 Im-

1910 863 1986 917 ioe,
2020 876 2119 921 qua

1876 934 1999 979 vidit
2035 932 2151 979 Che*-
2177 944 2185 949 ‘

1893 1005 2059 1050 rubim
2092 1012 2140 1049 et

1888 1074 2143 1134 Seraphim

1875 1147 1931 1192 in
1950 1142 2155 1191 circuitu

1964 1217 2072 1263 Dei.

149 1784 282 1847 sarn
321 1771 786 1843 substantificam,
821 1763 1349 1842 indissolubilisque
1376 1784 1571 1829 rerum
1598 1770 1844 1831 mansio·
1930 1812 1937 1819 ·

149 1870 248 1927 nis
291 1869 646 1927 immutabile
685 1870 1131 1953 firmamentum,
1151 1885 1244 1929 *ex
1285 1884 1401 1942 quo
1441 1875 1507 1927 ut
1546 1877 1751 1941 essent,
1791 1876 1847 1927 et

159 1968 304 2025 bene
358 1976 544 2027 essent
557 2013 574 2040 ,
629 1983 910 2040 supremae
962 1971 1134 2029 etiam
1186 1970 1425 2031 virtutes
1475 1969 1841 2029 habuissent:

157 2066 308 2138 ipsas
335 2068 539 2125 deinde
559 2068 872 2126 Deitbrmes
899 2069 1389 2131 sanctissimorum
1417 2068 1712 2139 Seraphim
1732 2068 1843 2125 vir·

155 2171 306 2222 tutes
331 2166 655 2238 docebatur,
679 2177 928 2237 quorum
949 2179 1177 2245 sacrum
1205 2181 1416 2223 nomen
1444 2168 1583 2237 quid
1609 2168 1845 2238 igneum

153 2264 432 2336 designat,
474 2266 544 2323 de
584 2279 702 2335 quo
741 2279 846 2321 nos
887 2265 1058 2349 paulo
1091 2271 1220 2335 post
1251 2265 1525 2335 dicemus,
1552 2272 1721 2335 prout
1747 2281 1845 2335 po·

152 2363 400 2441 terimus
433 2364 818 2434 interpretari,
845 2363 1011 2419 istius
1037 2363 1218 2433 igneae
1244 2362 1470 2417 virtutis
1496 2362 1569 2420 ad
1596 2362 1847 2419 divinam

151 2459 590 2519 similitudinem
631 2461 931 2532 impulsus.
955 2463 1139 2519 Porro
1167 2474 1299 2516 cum
1328 2474 1596 2520 senarum
1624 2459 1849 2517 alarum

150 2576 332 2619 sacrae
372 2561 614 2619 fictionis
653 2560 978 2621 absolutam
1013 2572 1421 2632 summamque
1462 2561 1522 2625 in
1561 2562 1747 2619 Deum
1786 2559 1849 2617 in

148 2660 354 2732 primis
394 2675 462 2717 ac
499 2660 700 2717 mediis
742 2661 1180 2731 novissimisque
1227 2660 1517 2717 mentibus
1557 2658 1847 2717 excitatio-

149 2772 309 2835 nem,
328 2772 436 2815 nec
461 2740 577 2815 non
606 2758 1051 2817 innumerabiles
1079 2773 1279 2815 eorum
1307 2758 1499 2828 pedes,
1521 2755 1849 2827 multasque

148 2858 351 2943 iacies·
367 2864 598 2914 sanctus
639 2856 734 2913 ille
775 2856 1094 2929 'theologus
1130 2856 1362 2925 videret,
1390 2838 1571 2927 utque
1597 2853 1704 2921 alis
1732 2859 1849 2910 tam

147 2958 367 3027 pedum
409 2936 583 3028 quam
623 2957 898 3013 facierum
938 2942 1200 3027 aspectus
1239 2961 1589 3025 arcerentur,
1624 2954 1847 3025 alaeque

149 3056 360 3143 rnediae
387 3062 657 3129 perpetuo
685 3062 1068 3129 moverentur,
1095 3057 1168 3113 ad
1196 3055 1613 3127 intelligibilem
1646 3070 1847 3114 eorum

149 3171 290 3228 quae
331 3158 596 3230 cernebat
645 3156 939 3214 scientiam
987 3156 1405 3226 adducebatur,
1447 3144 1724 3226 explicata
1764 3155 1847 3211 illi

149 3260 560 3329 supremorum
600 3256 905 3328 spirituum
955 3253 1266 3325 multivaga
1313 3254 1682 3325 plurimaque
1727 3268 1844 3315 cer·

153 3355 332 3415 nendi
376 3354 672 3425 facultate,
711 3368 984 3425 sacraque
1035 3364 1234 3411 eorum
1283 3352 1627 3421 reverentia,
1671 3365 1847 3421 quam

1902 2476 2029 2530 Quid
2048 2478 2147 2524 ‹11oe

1880 2546 2154 2607 Seraphim.
