2667 4259
437 282 440 291 .
533 250 562 283 e
1764 266 1772 275 .

845 322 1252 369 nrrsrocA
1315 324 1393 367 rx.
1850 310 1960 369 3⁰1

277 433 470 487 mente
504 440 798 499 sensuque
838 426 1204 486 destituimur
1214 443 1234 499 ;
1281 427 1375 485 sic
1416 425 1476 483 in
1524 427 1645 484 Deo
1682 425 1731 483 sl
1770 424 1966 491 melio-

275 542 400 585 rem
441 528 504 586 in
543 534 763 600 partem
788 528 1048 601 capiatur
1075 528 1336 601 ebrietas,
1372 526 1516 585 nibil
1556 526 1717 585 aliud
1751 533 1857 600 est,
1878 527 1965 585 in·

275 625 603 699 telligenda,
646 640 822 697 quam
862 612 1195 709 plenissima
1235 627 1522 683 bonorum
1562 625 1821 683 omnium
1861 626 1966 683 im-

276 725 570 796 mensitas,
592 740 724 797 quae
745 725 882 783 dum
903 732 1148 797 emanat,
1170 725 1375 797 inipso
1396 725 1714 800 secundum
1736 738 1970 783 causam

273 822 604 894 praeexistit.
659 823 816 891 Quin
867 829 923 881 et
975 824 1166 895 ipsum
1220 838 1425 881 sensus
1480 838 1777 883 excessum
1793 866 1811 893 ,
1866 822 1970 893 qui

271 920 610 979 ebrietatem
649 922 978 994 comitatur,
1017 922 1274 995 accipere
1315 928 1534 995 oportet
1574 936 1677 993 pro
1718 920 1828 979 ista
1865 919 1972 979 Dei

280 1020 662 1091 praecellentia
687 1036 819 1098 quae
845 1028 1121 1093 exuperat
1138 1036 1371 1098 omnem
1396 1036 1653 1090 sensum,
1672 1034 1774 1093 per
1794 1034 1970 1091 quam

271 1118 348 1175 ab
392 1109 746 1193 intelligendi
785 1099 1019 1178 ratione
1044 1120 1379 1193 secernitur,
1407 1134 1541 1177 cum
1582 1119 1655 1177 sit
1693 1134 1871 1193 supra
1911 1118 1971 1177 id

279 1217 434 1287 quod
473 1217 739 1291 intelligit
792 1225 847 1277 et
899 1218 1270 1293 intelligitur,
1324 1218 1441 1275 imo
1494 1232 1667 1291 supra
1707 1218 1764 1275 id
1812 1218 1971 1295 quod

273 1323 376 1373 est.
417 1318 490 1375 Et
529 1332 662 1375 cum
699 1318 1036 1391 simpliciter
1086 1318 1242 1376 Deus
1294 1317 1460 1375 bonis
1515 1317 1783 1375 omnibus
1836 1332 1971 1389 quae

272 1420 442 1489 sunt,
481 1416 796 1474 inebriatus
849 1430 971 1474 esse
1021 1414 1232 1473 dicitur
1245 1458 1263 1486 ,
1315 1415 1624 1489 omniaque
1664 1415 1969 1487 excedere,

275 1520 472 1585 utpote
524 1514 626 1586 qui
680 1515 761 1573 eis
813 1515 1082 1573 omnibus
1096 1559 1114 1587 ,
1168 1514 1343 1573 totius
1396 1513 1793 1573 immensitatis
1845 1528 1969 1571 suae

273 1612 662 1685 praecellentia
701 1628 1054 1685 supraquam
1093 1612 1299 1685 plenus
1337 1613 1431 1685 sit,
1464 1620 1520 1670 et
1552 1619 1716 1671 extra
1754 1613 1967 1687 omnia,

267 1718 329 1771 et
365 1726 546 1784 supra
584 1713 777 1796 omnia
816 1727 1050 1781 sursum
1091 1712 1335 1771 habitet:
1365 1712 1522 1771 hisce
1560 1711 1835 1795 loquendi
1875 1691 1965 1769 ra-

272 1811 526 1869 tionibus
567 1812 805 1885 inducti,
848 1818 1180 1871 sanctorum
1205 1811 1379 1869 etiam
1406 1811 1468 1887 in
1494 1824 1671 1882 regno
1696 1810 1801 1867 Dei
1828 1825 1961 1869 cou-
2026 1802 2039 1811 ’

271 1910 439 1981 vivia,
481 1910 681 1969 eodem
723 1910 894 1968 modo
927 1910 1289 1985 accipiemus.
1321 1909 1629 1967 Transiens
1666 1908 1842 1980 enim,
1876 1908 1963 1966 in·

272 2008 416 2079 quit,
457 2008 578 2081 ipse
616 2009 754 2080 Rex,
785 2008 948 2065 faciet
972 2022 1072 2065 eos
1105 2007 1483 2081 discumbere,
1524 2013 1579 2067 et
1620 2006 1965 2065 ministrabit

271 2106 386 2178 eis;
428 2121 558 2178 quae
599 2107 800 2178 utique
841 2105 1132 2165 declarant
1162 2120 1533 2165 communem
1566 2107 1875 2179 quamdam
1908 2112 1965 2164 et

273 2205 614 2261 concordem
666 2204 1004 2263 Sanctorum
1047 2204 1108 2262 in
1149 2205 1359 2263 divinis
1398 2206 1564 2263 bonis
1604 2205 1963 2277 societatem,

273 2310 330 2361 et
367 2302 680 2361 Ecclesiam
711 2302 1222 2377 primogenitorum
1249 2304 1353 2375 qui
1380 2304 1685 2375 conscripti
1724 2310 1861 2361 sunt
1900 2304 1962 2363 in

271 2401 449 2473 coelis,
491 2407 546 2457 et
585 2401 818 2473 spiritus
851 2401 1146 2475 ¹iustorum
1171 2402 1339 2461 bonis
1366 2402 1634 2461 omnibus
1670 2416 1793 2461 esse
1828 2417 1961 2461 con-

271 2506 616 2571 summatoS,
659 2500 1058 2573 bonorumque
1100 2500 1362 2559 omnium
1398 2502 1618 2573 plenos.
1657 2501 1837 2559 Porro
1877 2501 1960 2559 di-

2014 1909 2241 1973 Lu0312.

2092 1982 2175 2027 37.

2068 2512 2198 2565 Quid

271 2598 560 2655 scubitum
588 2598 753 2656 illum
781 2605 1050 2671 putamus
1077 2599 1401 2671 significare
1426 2598 1683 2670 requiem
1712 2614 1785 2656 ex
1812 2597 1961 2656 mul·
1992 2583 2266 2629 ‘'5³⁶¹“’1'ffl‘

272 2698 344 2755 tis
385 2697 706 2770 labor-mue,
749 2706 804 2757 et
843 2700 1017 2759 vitam
1057 2699 1408 2771 inviolatam,
1448 2698 1960 2758 conversationem·

269 2811 385 2869 que
425 2795 680 2855 divinam
723 2795 782 2852 in
824 2796 1044 2855 lumine
1081 2814 1149 2857 ac
1187 2799 1419 2871 regione
1468 2797 1760 2867 vivorum,
1803 2797 1963 2855 omni

271 2908 434 2953 sacra
468 2895 828 2968 iucunditate
878 2895 1136 2968 plenam,
1188 2903 1244 2955 et
1293 2895 1729 2969 omnigenorum
1770 2894 1959 2953 beato-

271 3008 520 3065 rumque
579 2995 863 3052 donorum
923 2995 1311 3054 abundantem
1366 2985 1787 3069 elargition'em,
1842 3010 1962 3067 qua

270 3092 430 3151 omni
470 3092 678 3165 gaudio
719 3093 1030 3165 replentur,
1071 3092 1206 3151 Jesu
1249 3102 1345 3153 eos
1386 3094 1756 3166 exhilarante,
1792 3100 1855 3153 et
1896 3095 1957 3153 in

271 3206 470 3250 mensa
507 3192 843 3279 collocante,
885 3199 942 3250 ot
981 3192 1118 3265 ipsis
1157 3194 1547 3266 ministrante,
1590 3201 1645 3251 et
1686 3200 1956 3253 aeternam

265 3292 519 3365 quietem
560 3290 851 3367 largiente,
877 3306 946 3351 ac
981 3292 1230 3367 perfecta
1269 3293 1423 3357 bona
1458 3293 1744 3354 tribuente
1782 3299 1958 3369 atque

267 3391 622 3452 infundente.
1057 3420 1062 3429 ·

2008 2656 2063 2699 in
2096 2655 2246 2701 coele‘s.
