<?xml version="1.0" encoding="UTF-8"?>
<!DOCTYPE html PUBLIC "-//W3C//DTD XHTML 1.0 Transitional//EN"
    "http://www.w3.org/TR/xhtml1/DTD/xhtml1-transitional.dtd">
<html xmlns="http://www.w3.org/1999/xhtml" xml:lang="en" lang="en">
 <head>
  <title>
</title>
<meta http-equiv="Content-Type" content="text/html;charset=utf-8" />
  <meta name='ocr-system' content='tesseract 3.04.00' />
  <meta name='ocr-capabilities' content='ocr_page ocr_carea ocr_par ocr_line ocrx_word'/>
</head>
<body>
  <div class='ocr_page' id='page_1' title='image "./sanctidionysiia00cordgoog_0218.png"; bbox 0 0 2667 4259; ppageno 0'>
   <div class='ocr_carea' id='block_1_1' title="bbox 712 300 1945 380">
    <p class='ocr_par' dir='ltr' id='par_1_1' title="bbox 712 300 1945 380">
     <span class='ocr_line' id='line_1_1' title="bbox 712 300 1945 380; baseline -0.003 -23"><span class='ocrx_word' id='word_1_1' title='bbox 712 300 827 380; x_wconf 75' lang='grc' dir='ltr'>2οᾷ</span> <span class='ocrx_word' id='word_1_2' title='bbox 1192 312 1237 355; x_wconf 75' lang='lat' dir='ltr'>s,</span> <span class='ocrx_word' id='word_1_3' title='bbox 1280 310 1527 359; x_wconf 50' lang='lat' dir='ltr'>momen</span> <span class='ocrx_word' id='word_1_4' title='bbox 1571 310 1945 353; x_wconf 63' lang='lat' dir='ltr'>Annomm‘me</span> 
     </span>
    </p>
   </div>
   <div class='ocr_carea' id='block_1_2' title="bbox 388 414 2444 3445">
    <p class='ocr_par' dir='ltr' id='par_1_2' title="bbox 388 414 2430 2557">
     <span class='ocr_line' id='line_1_2' title="bbox 388 414 2412 489; baseline -0.003 -10"><span class='ocrx_word' id='word_1_5' title='bbox 388 434 612 485; x_wconf 56' lang='grc' dir='ltr'><strong><em>πωπω,-</em></strong></span> <span class='ocrx_word' id='word_1_6' title='bbox 636 439 682 477; x_wconf 79' lang='lat' dir='ltr'>et</span> <span class='ocrx_word' id='word_1_7' title='bbox 710 418 935 489; x_wconf 82' lang='lat' dir='ltr'>busque</span> <span class='ocrx_word' id='word_1_8' title='bbox 976 416 1303 475; x_wconf 59' lang='lat' dir='ltr'>defectibus</span> <span class='ocrx_word' id='word_1_9' title='bbox 1336 416 1612 487; x_wconf 81' lang='lat' dir='ltr'>Cognovit</span> <span class='ocrx_word' id='word_1_10' title='bbox 1639 417 1792 472; x_wconf 84' lang='lat' dir='ltr'>Deus</span> <span class='ocrx_word' id='word_1_11' title='bbox 1822 414 2040 473; x_wconf 81' lang='lat' dir='ltr'>malum</span> <span class='ocrx_word' id='word_1_12' title='bbox 2069 420 2132 471; x_wconf 88' lang='lat' dir='ltr'>ut</span> <span class='ocrx_word' id='word_1_13' title='bbox 2160 415 2412 485; x_wconf 85' lang='lat' dir='ltr'>bouum,</span> 
     </span>
     <span class='ocr_line' id='line_1_3' title="bbox 472 505 2412 588; baseline -0.001 -15"><span class='ocrx_word' id='word_1_14' title='bbox 472 505 615 551; x_wconf 49' lang='grc' dir='ltr'>Μαι·</span> <span class='ocrx_word' id='word_1_15' title='bbox 708 524 763 573; x_wconf 86' lang='lat' dir='ltr'>et</span> <span class='ocrx_word' id='word_1_16' title='bbox 804 531 977 588; x_wconf 87' lang='lat' dir='ltr'>penes</span> <span class='ocrx_word' id='word_1_17' title='bbox 1020 517 1209 586; x_wconf 85' lang='lat' dir='ltr'>ipsum</span> <span class='ocrx_word' id='word_1_18' title='bbox 1250 515 1535 575; x_wconf 83' lang='lat' dir='ltr'>malorum</span> <span class='ocrx_word' id='word_1_19' title='bbox 1563 529 1751 570; x_wconf 82' lang='lat' dir='ltr'>eansae</span> <span class='ocrx_word' id='word_1_20' title='bbox 1779 514 2018 572; x_wconf 84' lang='lat' dir='ltr'>virtutes</span> <span class='ocrx_word' id='word_1_21' title='bbox 2060 520 2195 569; x_wconf 88' lang='lat' dir='ltr'>sunt</span> <span class='ocrx_word' id='word_1_22' title='bbox 2238 514 2412 571; x_wconf 85' lang='lat' dir='ltr'>bene-</span> 
     </span>
     <span class='ocr_line' id='line_1_4' title="bbox 712 614 2410 684; baseline -0.003 -11"><span class='ocrx_word' id='word_1_23' title='bbox 712 616 853 673; x_wconf 81' lang='lat' dir='ltr'>fieae.</span> <span class='ocrx_word' id='word_1_24' title='bbox 898 616 1062 682; x_wconf 88' lang='lat' dir='ltr'>Quod</span> <span class='ocrx_word' id='word_1_25' title='bbox 1104 615 1151 671; x_wconf 90' lang='lat' dir='ltr'>si</span> <span class='ocrx_word' id='word_1_26' title='bbox 1194 614 1412 671; x_wconf 87' lang='lat' dir='ltr'>malum</span> <span class='ocrx_word' id='word_1_27' title='bbox 1453 620 1734 671; x_wconf 77' lang='lat' dir='ltr'>aeternum</span> <span class='ocrx_word' id='word_1_28' title='bbox 1775 619 1889 684; x_wconf 87' lang='lat' dir='ltr'>est,</span> <span class='ocrx_word' id='word_1_29' title='bbox 1933 618 1988 670; x_wconf 89' lang='lat' dir='ltr'>et</span> <span class='ocrx_word' id='word_1_30' title='bbox 2029 619 2197 683; x_wconf 84' lang='lat' dir='ltr'>creat,</span> <span class='ocrx_word' id='word_1_31' title='bbox 2229 619 2282 669; x_wconf 87' lang='lat' dir='ltr'>et</span> <span class='ocrx_word' id='word_1_32' title='bbox 2311 628 2410 683; x_wconf 86' lang='lat' dir='ltr'>po-</span> 
     </span>
     <span class='ocr_line' id='line_1_5' title="bbox 710 711 2414 784; baseline -0.003 -13"><span class='ocrx_word' id='word_1_33' title='bbox 710 721 846 784; x_wconf 86' lang='lat' dir='ltr'>test,</span> <span class='ocrx_word' id='word_1_34' title='bbox 891 721 947 769; x_wconf 88' lang='lat' dir='ltr'>et</span> <span class='ocrx_word' id='word_1_35' title='bbox 986 719 1101 784; x_wconf 80' lang='lat' dir='ltr'>est,</span> <span class='ocrx_word' id='word_1_36' title='bbox 1143 720 1198 770; x_wconf 90' lang='lat' dir='ltr'>et</span> <span class='ocrx_word' id='word_1_37' title='bbox 1236 712 1384 784; x_wconf 85' lang='lat' dir='ltr'>agit,</span> <span class='ocrx_word' id='word_1_38' title='bbox 1427 712 1582 769; x_wconf 88' lang='lat' dir='ltr'>unde</span> <span class='ocrx_word' id='word_1_39' title='bbox 1623 712 1674 769; x_wconf 88' lang='lat' dir='ltr'>ei</span> <span class='ocrx_word' id='word_1_40' title='bbox 1714 712 1837 769; x_wconf 83' lang='lat' dir='ltr'>haee</span> <span class='ocrx_word' id='word_1_41' title='bbox 1877 711 2112 769; x_wconf 71' lang='lat' dir='ltr'>omnia?</span> <span class='ocrx_word' id='word_1_42' title='bbox 2151 724 2296 767; x_wconf 85' lang='lat' dir='ltr'>num</span> <span class='ocrx_word' id='word_1_43' title='bbox 2337 724 2414 767; x_wconf 81' lang='lat' dir='ltr'>ex</span> 
     </span>
     <span class='ocr_line' id='line_1_6' title="bbox 713 802 2415 881; baseline -0.002 -11"><span class='ocrx_word' id='word_1_44' title='bbox 713 812 905 870; x_wconf 75' lang='lat' dir='ltr'>hono?</span> <span class='ocrx_word' id='word_1_45' title='bbox 944 826 1019 869; x_wconf 88' lang='lat' dir='ltr'>an</span> <span class='ocrx_word' id='word_1_46' title='bbox 1062 812 1212 870; x_wconf 82' lang='lat' dir='ltr'>hono</span> <span class='ocrx_word' id='word_1_47' title='bbox 1254 826 1325 867; x_wconf 82' lang='lat' dir='ltr'>ex</span> <span class='ocrx_word' id='word_1_48' title='bbox 1366 811 1561 868; x_wconf 74' lang='lat' dir='ltr'>malo?</span> <span class='ocrx_word' id='word_1_49' title='bbox 1599 802 1676 868; x_wconf 80' lang='lat' dir='ltr'>an</span> <span class='ocrx_word' id='word_1_50' title='bbox 1703 816 1838 868; x_wconf 86' lang='lat' dir='ltr'>vero</span> <span class='ocrx_word' id='word_1_51' title='bbox 1879 812 2112 881; x_wconf 87' lang='lat' dir='ltr'>utrique</span> <span class='ocrx_word' id='word_1_52' title='bbox 2137 826 2209 867; x_wconf 82' lang='lat' dir='ltr'>ex</span> <span class='ocrx_word' id='word_1_53' title='bbox 2239 824 2415 867; x_wconf 84' lang='lat' dir='ltr'>causa</span> 
     </span>
     <span class='ocr_line' id='line_1_7' title="bbox 714 909 2414 982; baseline -0.003 -13"><span class='ocrx_word' id='word_1_54' title='bbox 714 910 867 969; x_wconf 72' lang='lat' dir='ltr'>alia?</span> <span class='ocrx_word' id='word_1_55' title='bbox 892 912 1091 981; x_wconf 37' lang='lat' dir='ltr'>,Omne</span> <span class='ocrx_word' id='word_1_56' title='bbox 1131 912 1284 982; x_wconf 89' lang='lat' dir='ltr'>quod</span> <span class='ocrx_word' id='word_1_57' title='bbox 1326 911 1647 967; x_wconf 84' lang='lat' dir='ltr'>seeundum</span> <span class='ocrx_word' id='word_1_58' title='bbox 1697 915 1963 967; x_wconf 86' lang='lat' dir='ltr'>naturam</span> <span class='ocrx_word' id='word_1_59' title='bbox 2004 916 2107 980; x_wconf 87' lang='lat' dir='ltr'>est,</span> <span class='ocrx_word' id='word_1_60' title='bbox 2148 923 2222 965; x_wconf 84' lang='lat' dir='ltr'>ex</span> <span class='ocrx_word' id='word_1_61' title='bbox 2273 909 2414 965; x_wconf 86' lang='lat' dir='ltr'>defi-</span> 
     </span>
     <span class='ocr_line' id='line_1_8' title="bbox 714 1000 2420 1067; baseline -0.002 0"><span class='ocrx_word' id='word_1_62' title='bbox 714 1010 875 1067; x_wconf 79' lang='lat' dir='ltr'>flnita</span> <span class='ocrx_word' id='word_1_63' title='bbox 918 1024 1091 1066; x_wconf 83' lang='lat' dir='ltr'>causa</span> <span class='ocrx_word' id='word_1_64' title='bbox 1130 1010 1414 1067; x_wconf 75' lang='lat' dir='ltr'>nascitur-z</span> <span class='ocrx_word' id='word_1_65' title='bbox 1460 1008 1679 1066; x_wconf 79' lang='lat' dir='ltr'>malum</span> <span class='ocrx_word' id='word_1_66' title='bbox 1719 1014 1914 1066; x_wconf 80' lang='lat' dir='ltr'>autem</span> <span class='ocrx_word' id='word_1_67' title='bbox 1939 1008 1990 1065; x_wconf 88' lang='lat' dir='ltr'>si</span> <span class='ocrx_word' id='word_1_68' title='bbox 2017 1022 2206 1065; x_wconf 79' lang='lat' dir='ltr'>eausae</span> <span class='ocrx_word' id='word_1_69' title='bbox 2246 1006 2319 1063; x_wconf 90' lang='lat' dir='ltr'>sit</span> <span class='ocrx_word' id='word_1_70' title='bbox 2347 1000 2420 1065; x_wconf 74' lang='lat' dir='ltr'>ae</span> 
     </span>
     <span class='ocr_line' id='line_1_9' title="bbox 642 1098 2416 1179; baseline -0.002 -15"><span class='ocrx_word' id='word_1_71' title='bbox 642 1098 645 1101; x_wconf 69' lang='grc'><strong>’</strong></span> <span class='ocrx_word' id='word_1_72' title='bbox 714 1106 1062 1166; x_wconf 78' lang='lat' dir='ltr'>definitionis</span> <span class='ocrx_word' id='word_1_73' title='bbox 1104 1122 1326 1179; x_wconf 79' lang='lat' dir='ltr'>experS‚</span> <span class='ocrx_word' id='word_1_74' title='bbox 1367 1122 1486 1165; x_wconf 79' lang='lat' dir='ltr'>non</span> <span class='ocrx_word' id='word_1_75' title='bbox 1515 1114 1599 1165; x_wconf 89' lang='lat' dir='ltr'>est</span> <span class='ocrx_word' id='word_1_76' title='bbox 1625 1106 1946 1165; x_wconf 82' lang='lat' dir='ltr'>secundum</span> <span class='ocrx_word' id='word_1_77' title='bbox 1986 1112 2252 1163; x_wconf 81' lang='lat' dir='ltr'>naturam</span> <span class='ocrx_word' id='word_1_78' title='bbox 2268 1123 2285 1175; x_wconf 81' lang='lat'>3</span> <span class='ocrx_word' id='word_1_79' title='bbox 2316 1121 2416 1162; x_wconf 87' lang='lat' dir='ltr'>ne·</span> 
     </span>
     <span class='ocr_line' id='line_1_10' title="bbox 715 1196 2413 1277; baseline -0.002 -14"><span class='ocrx_word' id='word_1_80' title='bbox 715 1222 831 1277; x_wconf 81' lang='lat' dir='ltr'>que</span> <span class='ocrx_word' id='word_1_81' title='bbox 870 1208 1023 1264; x_wconf 85' lang='lat' dir='ltr'>enim</span> <span class='ocrx_word' id='word_1_82' title='bbox 1052 1214 1138 1264; x_wconf 87' lang='lat' dir='ltr'>est</span> <span class='ocrx_word' id='word_1_83' title='bbox 1166 1207 1227 1263; x_wconf 86' lang='lat' dir='ltr'>in</span> <span class='ocrx_word' id='word_1_84' title='bbox 1254 1220 1451 1264; x_wconf 84' lang='lat' dir='ltr'>rerum</span> <span class='ocrx_word' id='word_1_85' title='bbox 1477 1214 1702 1276; x_wconf 78' lang='lat' dir='ltr'>natura,</span> <span class='ocrx_word' id='word_1_86' title='bbox 1733 1196 1888 1277; x_wconf 75' lang='lat' dir='ltr'>‘quod</span> <span class='ocrx_word' id='word_1_87' title='bbox 1915 1213 2116 1263; x_wconf 83' lang='lat' dir='ltr'>eontra</span> <span class='ocrx_word' id='word_1_88' title='bbox 2143 1212 2413 1261; x_wconf 82' lang='lat' dir='ltr'>naturam</span> 
     </span>
     <span class='ocr_line' id='line_1_11' title="bbox 716 1302 2419 1376; baseline -0.002 -15"><span class='ocrx_word' id='word_1_89' title='bbox 716 1312 819 1376; x_wconf 86' lang='lat' dir='ltr'>est,</span> <span class='ocrx_word' id='word_1_90' title='bbox 846 1319 1037 1375; x_wconf 84' lang='lat' dir='ltr'>neque</span> <span class='ocrx_word' id='word_1_91' title='bbox 1064 1305 1125 1361; x_wconf 89' lang='lat' dir='ltr'>in</span> <span class='ocrx_word' id='word_1_92' title='bbox 1150 1311 1273 1362; x_wconf 86' lang='lat' dir='ltr'>arte</span> <span class='ocrx_word' id='word_1_93' title='bbox 1298 1305 1444 1363; x_wconf 86' lang='lat' dir='ltr'>ratio</span> <span class='ocrx_word' id='word_1_94' title='bbox 1471 1310 1556 1361; x_wconf 87' lang='lat' dir='ltr'>est</span> <span class='ocrx_word' id='word_1_95' title='bbox 1583 1304 1837 1361; x_wconf 76' lang='lat' dir='ltr'>inseitiae.</span> <span class='ocrx_word' id='word_1_96' title='bbox 1879 1304 2034 1361; x_wconf 88' lang='lat' dir='ltr'>Num</span> <span class='ocrx_word' id='word_1_97' title='bbox 2061 1302 2193 1375; x_wconf 75' lang='lat' dir='ltr'>ergo</span> <span class='ocrx_word' id='word_1_98' title='bbox 2222 1302 2419 1359; x_wconf 86' lang='lat' dir='ltr'>anima</span> 
     </span>
     <span class='ocr_line' id='line_1_12' title="bbox 716 1394 2420 1475; baseline -0.004 -12"><span class='ocrx_word' id='word_1_99' title='bbox 716 1394 1002 1463; x_wconf 77' lang='lat' dir='ltr'>malorum</span> <span class='ocrx_word' id='word_1_100' title='bbox 1044 1420 1217 1462; x_wconf 83' lang='lat' dir='ltr'>causa</span> <span class='ocrx_word' id='word_1_101' title='bbox 1257 1404 1348 1473; x_wconf 86' lang='lat' dir='ltr'>sit,</span> <span class='ocrx_word' id='word_1_102' title='bbox 1391 1410 1537 1460; x_wconf 79' lang='lat' dir='ltr'>sieut</span> <span class='ocrx_word' id='word_1_103' title='bbox 1577 1403 1728 1475; x_wconf 82' lang='lat' dir='ltr'>ignis</span> <span class='ocrx_word' id='word_1_104' title='bbox 1768 1418 1820 1459; x_wconf 88' lang='lat' dir='ltr'>v.</span> <span class='ocrx_word' id='word_1_105' title='bbox 1865 1418 1918 1474; x_wconf 80' lang='lat' dir='ltr'>g.</span> <span class='ocrx_word' id='word_1_106' title='bbox 1962 1402 2197 1473; x_wconf 66' lang='lat' dir='ltr'>castoris,</span> <span class='ocrx_word' id='word_1_107' title='bbox 2241 1407 2420 1471; x_wconf 85' lang='lat' dir='ltr'>atque</span> 
     </span>
     <span class='ocr_line' id='line_1_13' title="bbox 718 1500 2424 1574; baseline -0.002 -15"><span class='ocrx_word' id='word_1_108' title='bbox 718 1503 928 1572; x_wconf 86' lang='lat' dir='ltr'>omnia,</span> <span class='ocrx_word' id='word_1_109' title='bbox 969 1503 1185 1573; x_wconf 82' lang='lat' dir='ltr'>quibus</span> <span class='ocrx_word' id='word_1_110' title='bbox 1224 1502 1662 1574; x_wconf 78' lang='lat' dir='ltr'><strong>appropinquat,</strong></span> <span class='ocrx_word' id='word_1_111' title='bbox 1691 1500 1910 1557; x_wconf 79' lang='lat' dir='ltr'>malitia</span> <span class='ocrx_word' id='word_1_112' title='bbox 1935 1500 2154 1573; x_wconf 70' lang='lat' dir='ltr'>replet?</span> <span class='ocrx_word' id='word_1_113' title='bbox 2179 1514 2255 1556; x_wconf 85' lang='lat' dir='ltr'>an</span> <span class='ocrx_word' id='word_1_114' title='bbox 2283 1514 2424 1556; x_wconf 87' lang='lat' dir='ltr'>vero</span> 
     </span>
     <span class='ocr_line' id='line_1_14' title="bbox 719 1595 2424 1671; baseline -0.002 -14"><span class='ocrx_word' id='word_1_115' title='bbox 719 1602 867 1657; x_wconf 81' lang='lat' dir='ltr'>bona</span> <span class='ocrx_word' id='word_1_116' title='bbox 908 1602 1143 1671; x_wconf 81' lang='lat' dir='ltr'>quidem</span> <span class='ocrx_word' id='word_1_117' title='bbox 1182 1601 1391 1657; x_wconf 86' lang='lat' dir='ltr'>animae</span> <span class='ocrx_word' id='word_1_118' title='bbox 1433 1607 1656 1671; x_wconf 84' lang='lat' dir='ltr'>natura,</span> <span class='ocrx_word' id='word_1_119' title='bbox 1698 1599 1798 1656; x_wconf 87' lang='lat' dir='ltr'>sed</span> <span class='ocrx_word' id='word_1_120' title='bbox 1839 1600 1899 1655; x_wconf 84' lang='lat' dir='ltr'>in</span> <span class='ocrx_word' id='word_1_121' title='bbox 1939 1595 2258 1655; x_wconf 80' lang='lat' dir='ltr'>actionibus</span> <span class='ocrx_word' id='word_1_122' title='bbox 2299 1599 2424 1654; x_wconf 81' lang='lat' dir='ltr'>suis</span> 
     </span>
     <span class='ocr_line' id='line_1_15' title="bbox 718 1694 2422 1770; baseline -0.002 -15"><span class='ocrx_word' id='word_1_123' title='bbox 718 1697 861 1755; x_wconf 86' lang='lat' dir='ltr'>alias</span> <span class='ocrx_word' id='word_1_124' title='bbox 902 1698 1136 1770; x_wconf 89' lang='lat' dir='ltr'>quidem</span> <span class='ocrx_word' id='word_1_125' title='bbox 1176 1698 1275 1769; x_wconf 77' lang='lat' dir='ltr'>sie,</span> <span class='ocrx_word' id='word_1_126' title='bbox 1316 1698 1458 1756; x_wconf 83' lang='lat' dir='ltr'>alias</span> <span class='ocrx_word' id='word_1_127' title='bbox 1499 1712 1636 1755; x_wconf 87' lang='lat' dir='ltr'>vero</span> <span class='ocrx_word' id='word_1_128' title='bbox 1673 1696 1838 1755; x_wconf 84' lang='lat' dir='ltr'>aliter</span> <span class='ocrx_word' id='word_1_129' title='bbox 1865 1712 1926 1753; x_wconf 90' lang='lat' dir='ltr'>se</span> <span class='ocrx_word' id='word_1_130' title='bbox 1959 1694 2174 1753; x_wconf 77' lang='lat' dir='ltr'>habet?</span> <span class='ocrx_word' id='word_1_131' title='bbox 2217 1696 2276 1751; x_wconf 90' lang='lat' dir='ltr'>Si</span> <span class='ocrx_word' id='word_1_132' title='bbox 2319 1711 2422 1752; x_wconf 85' lang='lat' dir='ltr'>na-</span> 
     </span>
     <span class='ocr_line' id='line_1_16' title="bbox 719 1794 2422 1867; baseline -0.002 -14"><span class='ocrx_word' id='word_1_133' title='bbox 719 1802 851 1855; x_wconf 82' lang='lat' dir='ltr'>tura</span> <span class='ocrx_word' id='word_1_134' title='bbox 891 1811 997 1853; x_wconf 83' lang='lat' dir='ltr'>sua</span> <span class='ocrx_word' id='word_1_135' title='bbox 1036 1802 1219 1853; x_wconf 85' lang='lat' dir='ltr'>status</span> <span class='ocrx_word' id='word_1_136' title='bbox 1257 1796 1426 1853; x_wconf 79' lang='lat' dir='ltr'>etiam</span> <span class='ocrx_word' id='word_1_137' title='bbox 1471 1796 1596 1867; x_wconf 82' lang='lat' dir='ltr'>ejus</span> <span class='ocrx_word' id='word_1_138' title='bbox 1637 1794 1826 1851; x_wconf 86' lang='lat' dir='ltr'>malus</span> <span class='ocrx_word' id='word_1_139' title='bbox 1867 1801 1970 1867; x_wconf 86' lang='lat' dir='ltr'>est,</span> <span class='ocrx_word' id='word_1_140' title='bbox 2013 1796 2168 1851; x_wconf 84' lang='lat' dir='ltr'>unde</span> <span class='ocrx_word' id='word_1_141' title='bbox 2208 1800 2422 1851; x_wconf 86' lang='lat' dir='ltr'>statum</span> 
     </span>
     <span class='ocr_line' id='line_1_17' title="bbox 717 1892 2422 1964; baseline -0.002 -13"><span class='ocrx_word' id='word_1_142' title='bbox 717 1894 951 1964; x_wconf 80' lang='lat' dir='ltr'>habuit3</span> <span class='ocrx_word' id='word_1_143' title='bbox 993 1910 1069 1952; x_wconf 89' lang='lat' dir='ltr'>an</span> <span class='ocrx_word' id='word_1_144' title='bbox 1110 1909 1184 1950; x_wconf 80' lang='lat' dir='ltr'>ex</span> <span class='ocrx_word' id='word_1_145' title='bbox 1224 1908 1397 1950; x_wconf 81' lang='lat' dir='ltr'>eausa</span> <span class='ocrx_word' id='word_1_146' title='bbox 1437 1894 1608 1963; x_wconf 85' lang='lat' dir='ltr'>bona‚·</span> <span class='ocrx_word' id='word_1_147' title='bbox 1634 1908 1764 1963; x_wconf 84' lang='lat' dir='ltr'>quae</span> <span class='ocrx_word' id='word_1_148' title='bbox 1803 1892 2061 1950; x_wconf 80' lang='lat' dir='ltr'>effectrix</span> <span class='ocrx_word' id='word_1_149' title='bbox 2101 1899 2184 1949; x_wconf 82' lang='lat' dir='ltr'>est</span> <span class='ocrx_word' id='word_1_150' title='bbox 2227 1907 2422 1949; x_wconf 84' lang='lat' dir='ltr'>rerum</span> 
     </span>
     <span class='ocr_line' id='line_1_18' title="bbox 720 1992 2423 2063; baseline -0.002 -13"><span class='ocrx_word' id='word_1_151' title='bbox 720 1994 1023 2051; x_wconf 73' lang='lat' dir='ltr'>omnium?</span> <span class='ocrx_word' id='word_1_152' title='bbox 1064 1993 1175 2049; x_wconf 87' lang='lat' dir='ltr'>Sed</span> <span class='ocrx_word' id='word_1_153' title='bbox 1214 1992 1263 2049; x_wconf 88' lang='lat' dir='ltr'>si</span> <span class='ocrx_word' id='word_1_154' title='bbox 1305 2006 1379 2049; x_wconf 83' lang='lat' dir='ltr'>ex</span> <span class='ocrx_word' id='word_1_155' title='bbox 1417 2007 1500 2061; x_wconf 87' lang='lat' dir='ltr'>ea,</span> <span class='ocrx_word' id='word_1_156' title='bbox 1531 1994 1817 2063; x_wconf 86' lang='lat' dir='ltr'>quomodo</span> <span class='ocrx_word' id='word_1_157' title='bbox 1845 1993 2066 2049; x_wconf 85' lang='lat' dir='ltr'>malum</span> <span class='ocrx_word' id='word_1_158' title='bbox 2093 1998 2178 2049; x_wconf 85' lang='lat' dir='ltr'>est</span> <span class='ocrx_word' id='word_1_159' title='bbox 2219 2006 2423 2050; x_wconf 81' lang='lat' dir='ltr'>seeun-</span> 
     </span>
     <span class='ocr_line' id='line_1_19' title="bbox 722 2080 2422 2163; baseline -0.001 -16"><span class='ocrx_word' id='word_1_160' title='bbox 722 2092 861 2148; x_wconf 89' lang='lat' dir='ltr'>dum</span> <span class='ocrx_word' id='word_1_161' title='bbox 904 2090 1253 2147; x_wconf 59' lang='lat' dir='ltr'>esssentiam?</span> <span class='ocrx_word' id='word_1_162' title='bbox 1276 2104 1476 2149; x_wconf 87' lang='lat' dir='ltr'>omnes</span> <span class='ocrx_word' id='word_1_163' title='bbox 1505 2091 1658 2147; x_wconf 88' lang='lat' dir='ltr'>enim</span> <span class='ocrx_word' id='word_1_164' title='bbox 1688 2092 1814 2163; x_wconf 88' lang='lat' dir='ltr'>ejus</span> <span class='ocrx_word' id='word_1_165' title='bbox 1841 2090 2075 2148; x_wconf 70' lang='lat' dir='ltr'>effeetus</span> <span class='ocrx_word' id='word_1_166' title='bbox 2105 2080 2243 2147; x_wconf 80' lang='lat' dir='ltr'>honi</span> <span class='ocrx_word' id='word_1_167' title='bbox 2269 2097 2422 2147; x_wconf 88' lang='lat' dir='ltr'>sunt.</span> 
     </span>
     <span class='ocr_line' id='line_1_20' title="bbox 724 2172 2425 2260; baseline 0 -15"><span class='ocrx_word' id='word_1_168' title='bbox 724 2189 826 2246; x_wconf 86' lang='lat' dir='ltr'>Sin</span> <span class='ocrx_word' id='word_1_169' title='bbox 853 2203 955 2260; x_wconf 87' lang='lat' dir='ltr'>per</span> <span class='ocrx_word' id='word_1_170' title='bbox 993 2172 1261 2259; x_wconf 70' lang='lat' dir='ltr'>actiones»,</span> <span class='ocrx_word' id='word_1_171' title='bbox 1292 2202 1482 2258; x_wconf 89' lang='lat' dir='ltr'>neque</span> <span class='ocrx_word' id='word_1_172' title='bbox 1508 2188 1618 2245; x_wconf 85' lang='lat' dir='ltr'>hoe</span> <span class='ocrx_word' id='word_1_173' title='bbox 1645 2196 1730 2246; x_wconf 83' lang='lat' dir='ltr'>est</span> <span class='ocrx_word' id='word_1_174' title='bbox 1759 2182 2133 2259; x_wconf 74' lang='lat' dir='ltr'>immutabile,</span> <span class='ocrx_word' id='word_1_175' title='bbox 2163 2190 2425 2260; x_wconf 64' lang='lat' dir='ltr'>alioquin</span> 
     </span>
     <span class='ocr_line' id='line_1_21' title="bbox 724 2280 2426 2363; baseline -0.001 -19"><span class='ocrx_word' id='word_1_176' title='bbox 724 2288 879 2345; x_wconf 84' lang='lat' dir='ltr'>unde</span> <span class='ocrx_word' id='word_1_177' title='bbox 898 2288 1138 2345; x_wconf 80' lang='lat' dir='ltr'>virtutes</span> <span class='ocrx_word' id='word_1_178' title='bbox 1168 2286 1271 2357; x_wconf 88' lang='lat' dir='ltr'>illi,</span> <span class='ocrx_word' id='word_1_179' title='bbox 1300 2286 1413 2343; x_wconf 89' lang='lat' dir='ltr'>nisi</span> <span class='ocrx_word' id='word_1_180' title='bbox 1443 2288 1776 2363; x_wconf 76' lang='lat' dir='ltr'>bouitomis</span> <span class='ocrx_word' id='word_1_181' title='bbox 1803 2286 1951 2345; x_wconf 73' lang='lat' dir='ltr'>faeta</span> <span class='ocrx_word' id='word_1_182' title='bbox 1977 2280 2089 2345; x_wconf 72' lang='lat' dir='ltr'>sit?</span> <span class='ocrx_word' id='word_1_183' title='bbox 2116 2288 2426 2358; x_wconf 87' lang='lat' dir='ltr'>Reliquum</span> 
     </span>
     <span class='ocr_line' id='line_1_22' title="bbox 724 2386 2430 2459; baseline 0 -16"><span class='ocrx_word' id='word_1_184' title='bbox 724 2392 809 2443; x_wconf 82' lang='lat' dir='ltr'>est</span> <span class='ocrx_word' id='word_1_185' title='bbox 850 2386 1043 2459; x_wconf 71' lang='lat' dir='ltr'>igitur,</span> <span class='ocrx_word' id='word_1_186' title='bbox 1084 2386 1306 2443; x_wconf 87' lang='lat' dir='ltr'>malum</span> <span class='ocrx_word' id='word_1_187' title='bbox 1349 2400 1474 2443; x_wconf 81' lang='lat' dir='ltr'>esse</span> <span class='ocrx_word' id='word_1_188' title='bbox 1513 2386 1864 2443; x_wconf 81' lang='lat' dir='ltr'>debilitatem</span> <span class='ocrx_word' id='word_1_189' title='bbox 1909 2387 2232 2457; x_wconf 76' lang='lat' dir='ltr'>quandam,</span> <span class='ocrx_word' id='word_1_190' title='bbox 2276 2386 2430 2443; x_wconf 79' lang='lat' dir='ltr'>defe-</span> 
     </span>
     <span class='ocr_line' id='line_1_23' title="bbox 725 2485 1370 2557; baseline -0.002 -15"><span class='ocrx_word' id='word_1_191' title='bbox 725 2485 1089 2557; x_wconf 80' lang='lat' dir='ltr'>ctionemque</span> <span class='ocrx_word' id='word_1_192' title='bbox 1129 2500 1163 2541; x_wconf 85' lang='lat' dir='ltr'>a</span> <span class='ocrx_word' id='word_1_193' title='bbox 1203 2486 1370 2543; x_wconf 88' lang='lat' dir='ltr'>bon0.</span> 
     </span>
    </p>

    <p class='ocr_par' dir='ltr' id='par_1_3' title="bbox 420 2578 2440 2851">
     <span class='ocr_line' id='line_1_24' title="bbox 478 2578 2432 2663; baseline 0.001 -24"><span class='ocrx_word' id='word_1_194' title='bbox 478 2596 525 2649; x_wconf 77' lang='lat' dir='ltr'>s.</span> <span class='ocrx_word' id='word_1_195' title='bbox 552 2592 638 2639; x_wconf 72' lang='lat'>31.</span> <span class='ocrx_word' id='word_1_196' title='bbox 805 2586 1098 2643; x_wconf 85' lang='lat' dir='ltr'>Bonorum</span> <span class='ocrx_word' id='word_1_197' title='bbox 1118 2598 1300 2663; x_wconf 77' lang='lat' dir='ltr'>eausa</span> <span class='ocrx_word' id='word_1_198' title='bbox 1328 2598 1444 2639; x_wconf 85' lang='lat' dir='ltr'>una</span> <span class='ocrx_word' id='word_1_199' title='bbox 1467 2590 1566 2640; x_wconf 90' lang='lat' dir='ltr'>est.</span> <span class='ocrx_word' id='word_1_200' title='bbox 1587 2582 1650 2639; x_wconf 82' lang='lat' dir='ltr'>Si</span> <span class='ocrx_word' id='word_1_201' title='bbox 1671 2584 1826 2640; x_wconf 79' lang='lat' dir='ltr'>bono</span> <span class='ocrx_word' id='word_1_202' title='bbox 1846 2582 2064 2640; x_wconf 78' lang='lat' dir='ltr'>malum</span> <span class='ocrx_word' id='word_1_203' title='bbox 2093 2578 2178 2640; x_wconf 78' lang='lat' dir='ltr'>est</span> <span class='ocrx_word' id='word_1_204' title='bbox 2200 2590 2432 2642; x_wconf 76' lang='lat' dir='ltr'>contra—</span> 
     </span>
     <span class='ocr_line' id='line_1_25' title="bbox 420 2666 2440 2781; baseline -0.002 -39"><span class='ocrx_word' id='word_1_205' title='bbox 420 2666 689 2781; x_wconf 50' lang='lat' dir='ltr'>⁶¹22ng</span> <span class='ocrx_word' id='word_1_206' title='bbox 725 2684 897 2754; x_wconf 85' lang='lat' dir='ltr'>rium,</span> <span class='ocrx_word' id='word_1_207' title='bbox 920 2683 1205 2746; x_wconf 89' lang='lat' dir='ltr'>malorum</span> <span class='ocrx_word' id='word_1_208' title='bbox 1226 2696 1414 2739; x_wconf 78' lang='lat' dir='ltr'>eausae</span> <span class='ocrx_word' id='word_1_209' title='bbox 1436 2681 1634 2739; x_wconf 83' lang='lat' dir='ltr'>multae</span> <span class='ocrx_word' id='word_1_210' title='bbox 1653 2688 1815 2738; x_wconf 87' lang='lat' dir='ltr'>sunt:</span> <span class='ocrx_word' id='word_1_211' title='bbox 1839 2696 1958 2738; x_wconf 81' lang='lat' dir='ltr'>non</span> <span class='ocrx_word' id='word_1_212' title='bbox 1981 2689 2169 2739; x_wconf 87' lang='lat' dir='ltr'>tamen</span> <span class='ocrx_word' id='word_1_213' title='bbox 2191 2678 2440 2740; x_wconf 76' lang='lat' dir='ltr'>efficien-</span> 
     </span>
     <span class='ocr_line' id='line_1_26' title="bbox 434 2764 2433 2851; baseline -0.002 -11"><span class='ocrx_word' id='word_1_214' title='bbox 434 2764 698 2851; x_wconf 55' lang='lat' dir='ltr'>malorum,</span> <span class='ocrx_word' id='word_1_215' title='bbox 728 2790 813 2839; x_wconf 91' lang='lat' dir='ltr'>tes</span> <span class='ocrx_word' id='word_1_216' title='bbox 854 2789 990 2841; x_wconf 84' lang='lat' dir='ltr'>sunt</span> <span class='ocrx_word' id='word_1_217' title='bbox 1032 2781 1316 2839; x_wconf 71' lang='lat' dir='ltr'>maiorum</span> <span class='ocrx_word' id='word_1_218' title='bbox 1359 2781 1606 2837; x_wconf 65' lang='lat' dir='ltr'>rationes</span> <span class='ocrx_word' id='word_1_219' title='bbox 1647 2796 1715 2835; x_wconf 83' lang='lat' dir='ltr'>ae</span> <span class='ocrx_word' id='word_1_220' title='bbox 1755 2780 2080 2850; x_wconf 77' lang='lat' dir='ltr'>facultates,</span> <span class='ocrx_word' id='word_1_221' title='bbox 2106 2782 2210 2837; x_wconf 87' lang='lat' dir='ltr'>sed</span> <span class='ocrx_word' id='word_1_222' title='bbox 2252 2781 2433 2851; x_wconf 90' lang='lat' dir='ltr'>impo-</span> 
     </span>
    </p>

    <p class='ocr_par' dir='ltr' id='par_1_4' title="bbox 466 2875 2440 2951">
     <span class='ocr_line' id='line_1_27' title="bbox 466 2875 2440 2951; baseline -0.001 -14"><span class='ocrx_word' id='word_1_223' title='bbox 466 2876 652 2923; x_wconf 61' lang='lat' dir='ltr'>naula.</span> <span class='ocrx_word' id='word_1_224' title='bbox 729 2882 922 2951; x_wconf 86' lang='lat' dir='ltr'>tentia,</span> <span class='ocrx_word' id='word_1_225' title='bbox 953 2887 1009 2937; x_wconf 89' lang='lat' dir='ltr'>et</span> <span class='ocrx_word' id='word_1_226' title='bbox 1036 2878 1354 2949; x_wconf 71' lang='lat' dir='ltr'>infirmitaS,</span> <span class='ocrx_word' id='word_1_227' title='bbox 1385 2883 1440 2935; x_wconf 90' lang='lat' dir='ltr'>et</span> <span class='ocrx_word' id='word_1_228' title='bbox 1467 2878 1781 2949; x_wconf 78' lang='lat' dir='ltr'>incongrua</span> <span class='ocrx_word' id='word_1_229' title='bbox 1821 2875 2088 2949; x_wconf 75' lang='lat' dir='ltr'>quaedam</span> <span class='ocrx_word' id='word_1_230' title='bbox 2125 2878 2440 2949; x_wconf 82' lang='lat' dir='ltr'>permixtio</span> 
     </span>
    </p>

    <p class='ocr_par' dir='ltr' id='par_1_5' title="bbox 731 2968 2444 3445">
     <span class='ocr_line' id='line_1_28' title="bbox 731 2968 2440 3048; baseline -0.001 -13"><span class='ocrx_word' id='word_1_231' title='bbox 731 2994 929 3036; x_wconf 87' lang='lat' dir='ltr'>rerum</span> <span class='ocrx_word' id='word_1_232' title='bbox 970 2977 1352 3035; x_wconf 85' lang='lat' dir='ltr'>dissimilium.</span> <span class='ocrx_word' id='word_1_233' title='bbox 1383 2975 1530 3035; x_wconf 76' lang='lat' dir='ltr'>Mala</span> <span class='ocrx_word' id='word_1_234' title='bbox 1555 2992 1662 3033; x_wconf 82' lang='lat' dir='ltr'>nee</span> <span class='ocrx_word' id='word_1_235' title='bbox 1689 2976 2006 3033; x_wconf 82' lang='lat' dir='ltr'>immobilia</span> <span class='ocrx_word' id='word_1_236' title='bbox 2045 2982 2201 3048; x_wconf 87' lang='lat' dir='ltr'>sunt,</span> <span class='ocrx_word' id='word_1_237' title='bbox 2245 2968 2440 3047; x_wconf 82' lang='lat' dir='ltr'>neque</span> 
     </span>
     <span class='ocr_line' id='line_1_29' title="bbox 732 3076 2442 3149; baseline -0.001 -14"><span class='ocrx_word' id='word_1_238' title='bbox 732 3092 959 3149; x_wconf 78' lang='lat' dir='ltr'>semper</span> <span class='ocrx_word' id='word_1_239' title='bbox 997 3076 1196 3135; x_wconf 82' lang='lat' dir='ltr'>eodem</span> <span class='ocrx_word' id='word_1_240' title='bbox 1250 3078 1420 3134; x_wconf 80' lang='lat' dir='ltr'>modo</span> <span class='ocrx_word' id='word_1_241' title='bbox 1456 3091 1520 3133; x_wconf 87' lang='lat' dir='ltr'>se</span> <span class='ocrx_word' id='word_1_242' title='bbox 1559 3078 1801 3143; x_wconf 85' lang='lat' dir='ltr'>habent,</span> <span class='ocrx_word' id='word_1_243' title='bbox 1843 3078 1944 3133; x_wconf 87' lang='lat' dir='ltr'>sed</span> <span class='ocrx_word' id='word_1_244' title='bbox 1985 3076 2212 3133; x_wconf 69' lang='lat' dir='ltr'>infinita</span> <span class='ocrx_word' id='word_1_245' title='bbox 2251 3084 2308 3133; x_wconf 88' lang='lat' dir='ltr'>et</span> <span class='ocrx_word' id='word_1_246' title='bbox 2351 3078 2442 3133; x_wconf 86' lang='lat' dir='ltr'>in·</span> 
     </span>
     <span class='ocr_line' id='line_1_30' title="bbox 736 3174 2438 3249; baseline -0.001 -17"><span class='ocrx_word' id='word_1_247' title='bbox 736 3176 1141 3245; x_wconf 83' lang='lat' dir='ltr'>determinata,</span> <span class='ocrx_word' id='word_1_248' title='bbox 1204 3175 1264 3249; x_wconf 81' lang='lat' dir='ltr'>in</span> <span class='ocrx_word' id='word_1_249' title='bbox 1318 3174 1445 3231; x_wconf 90' lang='lat' dir='ltr'>aliis</span> <span class='ocrx_word' id='word_1_250' title='bbox 1485 3182 1658 3246; x_wconf 84' lang='lat' dir='ltr'>atque</span> <span class='ocrx_word' id='word_1_251' title='bbox 1711 3174 1866 3245; x_wconf 80' lang='lat' dir='ltr'>aliiS‚</span> <span class='ocrx_word' id='word_1_252' title='bbox 1921 3176 2108 3245; x_wconf 76' lang='lat' dir='ltr'>iisque</span> <span class='ocrx_word' id='word_1_253' title='bbox 2162 3175 2438 3246; x_wconf 81' lang='lat' dir='ltr'>infinitiS,</span> 
     </span>
     <span class='ocr_line' id='line_1_31' title="bbox 736 3273 2440 3349; baseline 0 -18"><span class='ocrx_word' id='word_1_254' title='bbox 736 3274 1115 3331; x_wconf 86' lang='lat' dir='ltr'>diversimode</span> <span class='ocrx_word' id='word_1_255' title='bbox 1156 3280 1454 3345; x_wconf 65' lang='lat' dir='ltr'>vagantur.</span> <span class='ocrx_word' id='word_1_256' title='bbox 1484 3274 1763 3349; x_wconf 84' lang='lat' dir='ltr'>Malorum</span> <span class='ocrx_word' id='word_1_257' title='bbox 1791 3273 1961 3330; x_wconf 83' lang='lat' dir='ltr'>etiam</span> <span class='ocrx_word' id='word_1_258' title='bbox 1989 3275 2250 3330; x_wconf 84' lang='lat' dir='ltr'>omnium</span> <span class='ocrx_word' id='word_1_259' title='bbox 2279 3274 2440 3345; x_wconf 88' lang='lat' dir='ltr'>prin-</span> 
     </span>
     <span class='ocr_line' id='line_1_32' title="bbox 740 3370 2444 3445; baseline 0.001 -16"><span class='ocrx_word' id='word_1_260' title='bbox 740 3372 953 3445; x_wconf 79' lang='lat' dir='ltr'>cipium</span> <span class='ocrx_word' id='word_1_261' title='bbox 1006 3378 1179 3443; x_wconf 82' lang='lat' dir='ltr'>atque</span> <span class='ocrx_word' id='word_1_262' title='bbox 1234 3371 1364 3431; x_wconf 83' lang='lat' dir='ltr'>finis</span> <span class='ocrx_word' id='word_1_263' title='bbox 1420 3372 1635 3429; x_wconf 79' lang='lat' dir='ltr'>honum</span> <span class='ocrx_word' id='word_1_264' title='bbox 1687 3378 1802 3428; x_wconf 79' lang='lat' dir='ltr'>est:</span> <span class='ocrx_word' id='word_1_265' title='bbox 1859 3370 1993 3432; x_wconf 81' lang='lat' dir='ltr'>honi</span> <span class='ocrx_word' id='word_1_266' title='bbox 2055 3372 2210 3430; x_wconf 82' lang='lat' dir='ltr'>enim</span> <span class='ocrx_word' id='word_1_267' title='bbox 2261 3386 2444 3431; x_wconf 77' lang='lat' dir='ltr'>eausa</span> 
     </span>
    </p>
   </div>
   <div class='ocr_carea' id='block_1_3' title="bbox 2661 672 2667 1467">
    <p class='ocr_par' dir='ltr' id='par_1_6' title="bbox 2661 672 2667 1467">
     <span class='ocr_line' id='line_1_33' title="bbox 2661 672 2667 1467; baseline 0 0"><span class='ocrx_word' id='word_1_268' title='bbox 2661 672 2667 1467; x_wconf 95' lang='lat' dir='ltr'> </span> 
     </span>
    </p>
   </div>
   <div class='ocr_carea' id='block_1_4' title="bbox 2660 1990 2667 3023">
    <p class='ocr_par' dir='ltr' id='par_1_7' title="bbox 2660 1990 2667 3023">
     <span class='ocr_line' id='line_1_34' title="bbox 2660 1990 2667 3023; baseline 0 0"><span class='ocrx_word' id='word_1_269' title='bbox 2660 1990 2667 3023; x_wconf 95' lang='lat' dir='ltr'> </span> 
     </span>
    </p>
   </div>
   <div class='ocr_carea' id='block_1_5' title="bbox 2657 1990 2667 3461">
    <p class='ocr_par' dir='ltr' id='par_1_8' title="bbox 2657 1990 2667 3461">
     <span class='ocr_line' id='line_1_35' title="bbox 2657 1990 2667 3461; baseline 0 0"><span class='ocrx_word' id='word_1_270' title='bbox 2657 1990 2667 3461; x_wconf 95' lang='lat' dir='ltr'> </span> 
     </span>
    </p>
   </div>
  </div>
 </body>
</html>
