2667 4259
771 310 846 369 40
1245 326 1289 369 S.
1335 325 1579 371 momsn
1622 322 1995 371 Annonem-5

769 432 946 490 nandi
991 431 1334 505 principium
1386 434 1541 489 Deus
1592 433 1832 504 quidem·
1873 439 2109 504 natura,
2160 437 2216 488 et
2264 444 2469 489 revera

683 570 688 577 -
768 532 996 603 proprie
1022 538 1088 588 ut
1114 531 1259 589 lucis
1299 532 1559 603 essentia,
1589 532 1883 603 ipsiusque
1910 530 2093 589 statiis
2120 536 2179 589 et
2202 538 2471 604 aspectus

487 631 724 689 Supremo

528 702 691 747 ordini

545 780 661 831 post

467 844 630 889 Deum
669 849 741 887 at-

489 914 729 959 tribuitur

527 985 691 1030 omnis

465 1054 735 1101 illustratio

502 1126 702 1183 inferio-

544 1208 674 1241 rum.

769 636 997 689 auctor:
1041 646 1114 688 ex
1155 631 1415 688 instituto
1452 638 1645 688 autem
1684 631 1905 702 Deique
1940 631 2270 702 imitatione,
2308 646 2471 703 quae·

771 731 906 788 libet
939 731 1204 801 superior
1231 744 1303 788 ex
1331 735 1489 801 parte
1521 729 1828 803 cujuslibet
1856 730 2159 803 inferioriS,
2188 730 2261 787 ad
2290 739 2471 801 quam

771 826 896 899 eius
937 829 1260 886 interventu
1309 830 1523 887 divina*
1550 828 1779 887 lumina·
1822 828 2229 902 trajiciuntur„
2259 828 2475 900 supre-

770 940 927 983 mam.
952 926 1128 999 igitur
1154 927 1468 985 caelestium
1490 926 1998 999 intelligentiarum
2020 926 2472 999 dispositionem,

772 1030 1107 1083 caeterorum
1149 1025 1502 1098 Angelorum
1542 1024 1803 1083 omnium
1850 1026 2110 1084 essentia,¹
2123 1071 2140 1097 ,
2178 1027 2311 1099 jure
2350 1039 2473 1083 me-

771 1122 882 1181 rito
922 1130 1048 1193 post
1085 1124 1299 1195 Deum,
1334 1125 1529 1182 omnis
1570 1131 1943 1183 sacrosanctae
1980 1125 2085 1183 Dei
2116 1125 2475 1197 cognitionis

773 1221 1222 1293 imitationisquc
1261 1223 1605 1295 pnincipium
1648 1240 1771 1282 esse
1812 1230 2061 1295 censent,
2091 1220 2249 1296 quod
2274 1238 2381 1295 per
2406 1224 2473 1280 il-

775 1322 860 1379 las
887 1322 948 1378 in
971 1334 1175 1379 omnes
1200 1322 1272 1379 ad
1299 1335 1406 1380 nos
1432 1335 1620 1394 usquc
1657 1324 1758 1381 Dei
1800 1322 2131 1394 principalis
2164 1316 2477 1381 illustr-atio

773 1420 1090 1478 derivetur:
1132 1434 1252 1491 qua
1269 1428 1518 1493 propter
1556 1432 1777 1479 sacram
1810 1434 2040 1478 omnem
2080 1420 2301 1492 Deique
2341 1420 2474 1477 imi-

776 1519 1031 1577 tatricem
1059 1520 1340 1577 actionem
1380 1520 1453 1577 ad
1491 1521 1677 1577 Deum
1706 1518 1939 1591 quidem
1967 1500 2031 1576 ut
2058 1524 2349 1576 auctorem
2378 1532 2475 1575 re·

777 1619 1002 1690 ferunt,
1041 1618 1115 1675 ad
1154 1620 1369 1690 primas
1410 1626 1601 1677 autem
1648 1634 1715 1676 ac
1762 1618 2087 1676 Deiiormes,
2117 1624 2369 1689 menteS‚
2414 1624 2479 1675 ut

777 1718 1078 1789 primarios
1106 1715 1401 1776 effectores
1426 1718 1753 1775 divinorum
1790 1730 2031 1789 operum
2058 1722 2127 1777 ao
2152 1716 2474 1789 magistros,

778 1816 997 1873 Prima*
1013 1816 1206 1887 itaque
1245 1823 1573 1875 sanctorum
1602 1804 1955 1889 Angelorum
1990 1816 2313 1874 distributio
2354 1831 2477 1874 ma·

780 1913 868 1985 gis
907 1927 1026 1983 prae
1066 1914 1304 1985 reliquis
1346 1914 1569 1985 igneam
1621 1916 2020 1986 proprietatem
2062 1917 2343 1989 eontinet,
2390 1916 2477 1971 ru-

779 2023 1022 2081 sam-que
1043 2008 1268 2067 'divinae
1309 2008 1599 2081 sapienti'ae
1627 2004 2111 2085 communionem,
2140 2006 2205 2071 ac
2232 2028 2480 2072 summae

689 2104 698 2113 “
781 2107 1106 2175 divinarum
1147 2108 1597 2167 illustrationum
1620 2111 1887 2169 ‘scientiae
1924 2126 2100 2171 usum
2128 2092 2305 2186 atque
2330 2115 2479 2185 peri-

781 2206 938 2279 tiam,
979 2208 1222 2279 soliique
1261 2210 1680 2281 proprietatem,
1714 2225 1847 2282 quae
1881 2212 2132 2283 patulam
2176 2209 2249 2270 ad
2288 2211 2481 2269 Deum

783 2302 1184 2378 excipiendum
1223 2308 1592 2379 capacitatem
1632 2310 1873 2369 indicat:
1908 2310 2245 2368 inferiorum
2284 2316 2481 2369 autem

785 2403 1164 2479 essentiarum
1216 2408 1612 2493 dispositiones
1664 2409 1843 2481 hujus
1896 2404 2076 2481 igneae
2096 2454 2113 2481 ‚
2169 2409 2445 2480 sapientis
2464 2455 2483 2481 ,

784 2507 1012 2563 scientis
1025 2552 1042 2577 ,
1093 2522 1174 2564 ae·
1207 2504 1312 2565 Dei
1359 2508 1585 2578 capacis
1629 2498 1873 2565 virtutis'
1902 2509 2203 2580 participes
2242 2508 2482 2579 quidem

785 2610 1017 2662 suntet
1057 2606 1210 2675 ipsae‚
1253 2606 1353 2662 sed
1392 2606 1643 2663 inferiori
1694 2607 1905 2677 gradu,
1948 2612 2003 2663 et
2044 2621 2178 2664 cum
2218 2614 2489 2678 respectu-

787 2704 861 2762 ad
899 2702 1116 2776 priores
1153 2703 1258 2775 per
1297 2701 1472 2775 q'uaS,
1516 2711 1581 2762 ut
1620 2704 1829 2761 divinae
1877 2705 2207 2763 imitationis
2249 2700 2485 2777 praefor-

789 2804 1050 2888 matrices
1064 2847 1081 2873 ,
1109 2802 1182 2860 ad
1207 2803 1657 2859 Deiformitatem
1683 2794 1982 2875 pro‘captu
2010 2818 2122 2887 suo
2142 2818 2483 2876 promoven-

727 2902 734 2907 “
788 2907 902 2957 tur.
937 2900 1138 2959 Dietas.
1151 2902 1361 2973 itaque
1382 2902 1765 2974 proprietates
1794 2908 2198 2974 sacrosanctas,
2228 2916 2484 2974 quarum

789 3000 1056 3057 secund-te
1093 3009 1318 3058 naturae
1351 3014 1453 3071 per
1484 3001 1697 3071 primas
1730 3002 2029 3072 participes
2069 3002 2286 3059 erfeetae
2324 3009 2489 3075 sunt,-

791 3097 862 3155 iis
901 3098 1038 3170 ipsis
1087 3105 1220 3169 post·
1245 3100 1476 3169 Deum,
1516 3100 1792 3173 tanquam
1832 3098 2166 3171 praepositis
2192 3100 2347 3172 suiS,
2388 3116 2487 3159 ac-

791 3202 1008 3268 ceptas
1021 3196 1227 3257 ferunt.

871 3288 1098 3369 Ajebat?
1097 3274 1300 3368 itaque
1317 3296 1435 3369 qui
1473 3298 1596 3355 haee
1621 3295 1912 3368 referebat,
1940 3296 2215 3357 visionem
2245 3298 2483 3369 quidem

793 3396 950 3457 illam
991 3394 1299 3455 exhibitam
1333 3408 1458 3455 esse
1484 3392 1769 3472 Theolog‘o
1793 3409 1830 3455 a
1856 3396 2105 3471 quodam
2134 3410 2351 3469 eorum,
2380 3398 2484 3469 qui
