2667 4259
853 334 962 391 192
1328 350 1374 391 S.
1419 344 1666 391 monrsu
1711 347 2086 391 ausonense

844 451 1139 510 intellectu
1200 451 1570 522 praeditorum
1629 464 1896 509 amorum
1949 451 2178 509 ordines
2239 451 2560 508 distinotio-

845 562 1067 619 nesque
1106 547 1481 619 praecellunt,
1525 548 1677 604 inter
1705 562 1852 618 quos
1883 546 1969 603 illi
1996 548 2100 618 qui
2142 546 2346 618 seipsis
2388 547 2557 605 intel-

844 646 1060 705 lectiles
1100 660 1169 703 ae
1208 645 1416 715 divini,
1460 646 1626 703 bonis
1655 645 1758 715 qui
1787 644 1907 701 illic
1934 659 2070 701 vere
2095 642 2232 701 simt
2259 644 2562 701 amoribus

841 744 1113 815 praefeeti,
1155 749 1210 801 et
1248 756 1287 799 a
1325 741 1489 799 nobis
1531 742 1760 813 proprie
1803 741 2019 799 laudati
2061 748 2214 799 sunt.
2254 742 2426 799 Modo
2456 741 2560 799 ite-

841 854 976 896 rum
1016 839 1192 896 altius
1232 845 1568 909 repetenteS,
1597 852 1796 896 omnes
1828 838 1888 897 in
1918 853 2106 895 unum
2145 838 2561 910 coniunctum-

842 950 957 1005 que
983 950 1256 1005 amorem,
1284 942 1342 992 et
1369 948 1571 992 eorum
1599 934 1859 993 omnium
1887 941 2184 1006 parentem
2211 935 2564 1007 colligamus

842 1031 1047 1102 simul,
1092 1036 1147 1087 et
1188 1032 1550 1089 conferamus
1600 1046 1674 1089 ex
1728 1032 1924 1089 multis
1938 1048 1957 1102 3
2010 1032 2264 1103 primum
2305 1032 2368 1089 in
2410 1034 2563 1091 duas

842 1144 1043 1185 eorum
1061 1130 1390 1200 ‚amatorias
1429 1128 1666 1187 omnino
1695 1130 1846 1187 vires
1875 1130 2292 1200 contrahentes,
2336 1132 2560 1201 quibus

842 1227 1113 1285 omnibus
1163 1232 1394 1297 praestat
1455 1233 1509 1283 et
1569 1227 1858 1286 antecellit
1918 1228 2398 1297 incomprehensa
2453 1229 2560 1287 illa
2639 1219 2650 1231 '

841 1324 1033 1379 omnis
1072 1322 1287 1381 amoris
1325 1336 1516 1393 eausa,
1561 1324 1718 1393 quod
1759 1324 1833 1381 sit
1875 1325 2143 1381 omnibus
2185 1326 2472 1395 superior,
2503 1334 2561 1383 et

842 1419 916 1474 ad
957 1434 1081 1477 eam
1124 1432 1228 1491 pro
1268 1420 1555 1493 cujusque
1605 1427 1777 1493 captu
1817 1434 2014 1479 rerum
2055 1421 2320 1479 omnium
2361 1423 2560 1482 totalis

842 1531 1003 1575 amor
1044 1518 1254 1575 tendat.

1240 1690 1632 1763 EJUSDEM
1681 1691 1804 1787 EX
1851 1692 2200 1771 IISDEM„

1353 1827 1626 1917 Hymnis
1677 1828 2040 1897 amatoriis.

586 2008 630 2059 g,
677 2005 754 2050 17.
918 2000 1040 2072 Age
1081 1994 1233 2071 vero,
1276 1999 1368 2056 his
1409 2000 1618 2057 iterum
1647 2000 1708 2059 in
1737 2014 1925 2058 unum
1967 1999 2234 2071 collectis,
2265 2002 2552 2075 dieamu5‚

553 2076 792 2188 3222&ssss
838 2110 1013 2153 unam
1058 2110 1183 2153 esse
1223 2095 1540 2166 simplicem
1583 2097 1852 2155 virtutem
1873 2141 1891 2169 ‚
1947 2112 2051 2169 per
2105 2114 2166 2156 se
2219 2110 2554 2159 moventem

546 2214 672 2267 Deo,
696 2227 790 2270 pe,-
837 2193 1119 2251 unitivam
1162 2195 1472 2264 quamdam
1531 2193 1872 2251 mixtionem
1923 2210 1996 2253 ex
2051 2196 2202 2253 bono
2241 2211 2436 2268 usque
2475 2199 2552 2256 ad

554 2284 755 2361 ,Dwms
836 2298 1161 2349 extremum
1215 2304 1416 2349 eorum
1471 2304 1602 2362 quae
1657 2291 1952 2363 existunt,
1987 2298 2043 2351 et
2083 2294 2156 2351 ab
2197 2294 2296 2352 illo
2337 2309 2552 2353 rursus

545 2354 785 2469 ’λίπῃ
836 2396 1256 2462 consequenter
1296 2404 1400 2461 per
1441 2390 1634 2447 omnia
1673 2392 1746 2447 ad
1787 2391 2024 2461 bonum,
2069 2404 2144 2447 ex
2183 2392 2400 2463 seipsa,
2443 2408 2553 2463 per

614 2500 713 2539 tur.
832 2488 1080 2559 seipsam
1105 2531 1123 2559 ,
1167 2493 1223 2543 et
1254 2474 1325 2542 'in
1367 2486 1554 2557 seipsa
1607 2486 1854 2557 seipsam
1907 2487 2330 2558 revolventem,
2373 2495 2432 2545 et
2471 2491 2550 2548 ad

832 2584 1078 2654 seipsam
1119 2596 1346 2653 semper
1384 2583 1584 2640 eodem
1625 2584 1795 2639 modo
1835 2590 2232 2642 revertentem.
2437 2576 2442 2581 ’
2487 2572 2497 2581 ’

578 2700 623 2753 ς,
660 2698 747 2743 18.
913 2680 1090 2750 Atqui
1116 2680 1327 2750 aliquis
1369 2678 1627 2751 objiciat:
1660 2677 1718 2735 Si
1747 2680 2058 2750 pulchrum
2087 2688 2142 2738 et
2170 2683 2390 2739 bonum
2420 2696 2548 2741 om-

511 2768 767 2839 ‚001'00‘1'0
833 2779 1005 2835 nibus
1063 2776 1310 2836 amabile
1363 2781 1419 2831 et
1479 2775 1856 2835 desiderabile
1909 2783 2084 2848 atque
2138 2777 2410 2835 dilectum
2467 2779 2550 2837 sit

542 2838 785 2953 doessssm
834 2875 1161 2948 (desiderat
1200 2875 1356 2932 enim
1399 2873 1544 2930 iilud
1585 2875 1757 2935 etiam
1799 2876 1860 2933 id
1903 2878 2059 2949 quod
2087 2890 2206 2933 non
2235 2876 2444 2948 existit,
2477 2885 2549 2934 ut

612 2989 714 3021 non
831 2972 1048 3031 dietum
1090 2978 1193 3042 est,
1235 2979 1289 3028 et
1330 2970 1526 3040 aliquo
1568 2972 1738 3029 modo
1779 2973 1842 3029 in
1881 2973 2006 3045 ipso
2047 2988 2172 3030 esse
2213 2974 2542 3045 contendit;

544 3053 780 3177 {moffssl'jf
830 3068 1107 3140 quoniam
1134 3069 1325 3139 ipsum
1354 3073 1439 3125 est
1466 3069 1624 3140 quod
1652 3070 1894 3129 formam
1923 3072 2098 3127 rebus
2127 3071 2310 3127 torma
2339 3084 2544 3127 caren-

531 3186 707 3231 ctu-um
744 3192 792 3231 ee
830 3167 983 3224 tibus
1024 3166 1255 3237 tribuit,
1285 3170 1340 3223 et
1371 3166 1431 3224 in
1461 3167 1584 3248 ipso
1612 3168 1782 3225 etiam
1814 3168 1870 3227 id
1899 3168 2054 3239 quod
2084 3182 2201 3225 non
2230 3174 2332 3240 est,
2360 3184 2545 3240 supra

564 3258 765 3303 bonum.
828 3264 1132 3322 essentiam
1162 3264 1402 3334 dieitur,
1445 3271 1500 3321 et
1540 3263 1660 3338 est)
1691 3266 1979 3335 quomodo
2008 3266 2178 3322 turba
2205 3266 2544 3324 daemonum

828 3376 947 3419 non
986 3360 1215 3434 expetit.
1237 3360 1348 3419 hoe
1387 3362 1694 3433 pulchrum
1723 3367 1778 3417 et
1805 3362 2040 3433 bonum,
2070 3362 2169 3420 sed
2211 3358 2389 3424 affixa
2417 3378 2542 3421 ma·
