2667 4259
488 304 559 347 nn
589 302 799 347 mvn-ns
828 285 1135 353 nomn-xnus
1166 320 1241 335 -·
1272 304 1455 349 emir
1488 306 1559 347 iv.
1761 282 1876 350 209

176 406 490 481 intelligere
528 408 889 480 desiderant,
919 415 975 467 et
1012 410 1073 469 in
1112 416 1400 482 quantum
1441 422 1560 467 non
1602 414 1880 481 expetunt

176 507 421 578 bonum,
462 506 522 565 id
564 510 719 579 quod
771 521 891 565 non
942 514 1027 565 est
1078 514 1387 579 expetunt·
1430 508 1592 579 atqui
1633 521 1752 566 non
1793 512 1880 565 est

80 644 83 649 -
176 604 276 663 hoc
314 605 621 677 appetitus,
662 607 763 665 sed
804 619 957 665 verae
996 604 1366 678 adpetitionis
1406 606 1663 664 defectio.

248 704 315 761 In
355 704 597 777 scientia
647 718 783 763 vero
835 710 1145 777 peccantes·
1187 700 1485 777 Scriptura
1533 710 1700 761 vocat
1747 708 1878 775 θῦε,
1963 704 2018 769 ss
2038 711 2124 759 3⁵.

173 802 270 871 qui
312 802 465 861 circa
506 818 660 875 eam,
705 818 838 875 quae
880 804 1057 866 latere
1099 818 1216 862 non
1258 809 1462 877 potest,
1506 802 1643 861 boni
1684 802 1877 876 cogni·
1943 782 2207 899 {2222

171 898 382 959 tionem
423 907 524 958 aut
564 901 845 961 actionem
890 901 1205 961 imbecilles
1240 898 1397 972 sunt,
1427 900 1647 972 quique
1679 899 1880 957 sciunt
1919 864 1958 911 p
1980 925 2114 984 ,lm-d

171 993 550 1069 ι’,οῐιιιιιιιιθιιι
568 1005 625 1057 et
652 1014 769 1058 non
807 1000 1043 1071 faciunt,
1086 999 1190 1072 qui
1230 1000 1580 1059 audiverunt
1621 998 1878 1070 quidem,

171 1094 267 1152 sed
311 1095 526 1155 infirmi
569 1103 705 1155 sunt
746 1098 807 1154 in
850 1098 964 1156 tide
1002 1096 1097 1156 ‘vel
1148 1099 1478 1170 operatione
1519 1097 1688 1166 boni;
1732 1096 1877 1169 quin

170 1192 336 1249 ctiam
380 1192 561 1265 aliqui
604 1194 813 1252 nolunt
853 1194 1174 1267 intelligere
1220 1201 1285 1251 ut
1335 1192 1484 1252 hene
1525 1193 1760 1263 faciant,
1803 1208 1879 1251 ex

167 1291 533 1360 perversione
574 1292 666 1351 vel
708 1292 999 1351 debilitate
1042 1291 1370 1353 voluntatis.
1414 1290 1606 1361 Atque
1641 1290 1876 1371 §univer-

168 1388 273 1447 sim
332 1389 554 1449 malum
612 1388 721 1461 (ut
770 1404 923 1460 saepe
970 1388 1270 1462 diximus)
1325 1386 1632 1449 infirmitas
1685 1394 1772 1449 est
1823 1389 1881 1449 et

164 1484 565 1558 imbecillitas,
606 1493 662 1544 et
703 1486 957 1544 detectus
989 1488 1120 1543 nive
1158 1485 1441 1556 scientim,
1484 1486 1606 1543 sive
1645 1486 1880 1557 liquidoe
1953 1508 2080 1561 Ouid
2116 1510 2170 1553 in

164 1581 551 1653 cognitioniS,
593 1583 713 1640 sive
755 1582 919 1653 fidei,
958 1584 1081 1641 sive
1122 1589 1378 1655 naturae,
1413 1584 1542 1641 sive
1579 1583 1878 1653 desiderii,
1951 1588 2150 1637 pet-ceno

162 1679 293 1736 sive
334 1682 681 1751 operationis
723 1680 876 1739 honi.
910 1680 1087 1753 Atqui
1114 1682 1327 1739 dixerit
1368 1693 1676 1752 nonnemo,
1721 1682 1878 1741 intir-
1948 1662 2166 1779 ,1222ss

161 1776 429 1834 mitatem
471 1779 709 1837 minime
760 1779 1109 1850 supplicium
1161 1780 1396 1851 mereri,
1441 1780 1542 1838 sed
1581 1795 1614 1837 e
1655 1779 1881 1839 diverso

162 1876 333 1933 venia
378 1876 615 1949 dignam
659 1892 800 1936 esse.
846 1875 905 1935 Si
948 1872 1184 1949 quidem
1233 1878 1474 1937 facultas
1515 1894 1634 1936 non
1675 1894 1880 1953 suppe-

164 1980 324 2045 teret,
370 1981 525 2032 recte
568 1976 770 2046 utique
812 1975 870 2033 id
912 1966 1227 2035 diceretur:
1257 1977 1348 2034 sin
1377 1982 1570 2035 autem
1613 1990 1686 2035 ex
1729 1976 1881 2038 ho'no

166 2071 236 2129 sit
278 2088 470 2145 posse,
515 2074 687 2145 quod,
727 2075 897 2148 juxta
940 2069 1311 2149 scripturam,
1344 2078 1615 2135 omnihus
1643 2080 1880 2139 omnino

165 2174 567 2233 convenientia
605 2174 868 2246 largitur,
898 2190 971 2233 ex
998 2177 1148 2233 hona
1184 2175 1470 2234 honorum
1509 2168 1900 2251 propriorum

163 2270 509 2329 habitudine
550 2271 811 2341 defectio,
836 2277 894 2327 et
922 2270 1229 2343 perversio,
1273 2277 1329 2327 et
1369 2272 1523 2343 fuga,
1565 2272 1878 2365 prolapsio-

163 2384 274 2441 que
314 2370 615 2431 laudanda
657 2384 776 2427 non
818 2374 971 2451 sunt.
1002 2369 1221 2427 Verum
1260 2367 1386 2429 haec
1425 2368 1486 2427 in
1529 2374 1776 2431 tractatu
1807 2372 1882 2431 de

159 2466 317 2527 Justo
360 2467 687 2538 divinoque
729 2446 940 2523 iudicio
976 2464 1113 2523 satis
1152 2480 1189 2521 a
1228 2464 1396 2525 nobis
1421 2478 1528 2536 pro
1559 2465 1727 2525 virili
1736 2473 1882 2525 sunt

158 2567 413 2637 exposita
422 2582 442 2637 ;
497 2564 559 2621 in
600 2578 717 2635 quo
758 2578 920 2623 sacro
959 2568 1207 2625 tractatu
1246 2562 1456 2623 veritas
1495 2564 1880 2635 Eloquiorum

158 2662 505 2735 sophisticas
544 2661 813 2733 rationes»,
842 2670 973 2732 quae
1008 2660 1367 2744 injustitiam·
1394 2660 1918 2747 mendaciumque,

162 2761 278 2819 Deo
323 2762 1031 2835 impinguntstamquam
1083 2759 1252 2830 plane
1304 2748 1507 2831 impias
1548 2765 1604 2817 et
1643 2754 1882 2819 stolidas

164 2859 325 2917 elisit.
370 2862 500 2919 Iam
548 2872 681 2915 vero
732 2871 834 2929 pro
886 2855 1121 2915 modulo
1162 2862 1360 2914 nostro
1401 2857 1538 2913 satis
1578 2856 1881 2917 laudatum

163 2962 245 3013 est
284 2958 534 3027 honum,
578 2955 639 3013 in
680 2960 967 3026 quantum
998 2966 1135 3012 vere
1172 2954 1598 3024 admirandum,
1629 2960 1696 3012 ut
1721 2951 1879 3027 priua

163 3054 379 3126 cipium
424 3060 485 3114 et
528 3052 661 3111 finis
688 3051 967 3121 omnium,
1000 3057 1287 3109 atterum
1326 3050 1589 3110 omnium·
1629 3051 1880 3125 comple-
1937 3054 1940 3059 '

164 3165 291 3223 xus,
338 3159 407 3213 ut
448 3152 777 3210 informans
817 3162 907 3206 res
925 3134 929 3139 ’
949 3155 1067 3207 non
1109 3148 1439 3221 existentes,
1465 3157 1532 3209 ut
1567 3163 1742 3210 causa
1781 3152 1879 3211 bo-

164 3264 379 3311 norum
405 3248 699 3319 onmium,
719 3254 785 3305 ut
806 3244 1029 3304 nullius
1054 3245 1195 3303 mali
1218 3260 1411 3318 causa,
1435 3256 1501 3305 ut
1527 3249 1886 3321 providentia

165 3352 217 3405 et
256 3348 496 3409 bonitas
541 3345 819 3417 absoluta,
865 3358 1114 3417 quaeque
1160 3344 1372 3417 omnia,
1416 3351 1534 3403 tam
1571 3344 1708 3418 q'uae
1747 3350 1885 3404 sunt

1575 3445 1645 3503 14
