2667 4259
760 284 839 343 et
1240 301 1285 343 s.
1328 300 1575 343 moxrsu
1617 298 1992 343 Antoninum.

760 400 873 459 sub
912 399 1188 473 symbolis
1224 409 1590 461 sacrosancte
1619 402 1928 474 propositis
1953 400 2016 459 in
2041 407 2340 473 aspectum
2364 400 2479 460 du-

763 502 841 559 cit
854 516 875 573 3
914 500 1303 573 exhibitisque
1343 502 1674 559 divinorum
1725 514 1966 572 operum
2015 499 2364 557 muneribus
2405 500 2482 556 ad

764 606 1187 657 sacrosanctam
1224 600 1562 657 eorumdem
1597 597 2178 657 communicationem
2215 611 2354 655 cum
2397 597 2480 667 ip-

765 704 947 756 semet
984 699 1223 770 accedit,
1264 707 1390 757 tum
1419 706 1658 756 caeteros
1688 698 1908 755 invitat.
1937 696 2185 769 Accepta
2225 697 2484 769 denique

766 796 1016 867 dataque
1055 796 1251 854 divina
1288 796 1706 855 communione
1740 798 1800 853 in
1835 809 2058 856 sacram
2101 796 2312 858 desinit
2353 811 2482 867 gra·

706 880 713 887 ’
766 895 981 951 tiarum
1021 892 1303 973 actionem
1320 913 1339 967 3
1383 896 1714 969 populoque
1741 895 1937 953 divina
1963 902 2190 953 tantum
2217 894 2486 965 symbola

768 998 1107 1063 contuente,
1151 993 1271 1066 ipse
1318 1008 1548 1065 semper
1601 994 1818 1065 Spiritu
1860 992 2088 1064 divino,
2136 1005 2238 1063 per
2283 993 2484 1049 beatas

768 1100 838 1145 ac
879 1088 1161 1160 spiritales
1202 1089 1742 1161 contemplationes,
1785 1088 2138 1147 hierarchice
2161 1088 2250 1145 ad
2291 1102 2483 1146 sacro-

769 1195 969 1245 sancta
1009 1188 1416 1259 mysteriorum
1465 1188 1780 1260 primordia
1821 1188 1882 1244 in
1923 1186 2103 1245 divini
2151 1191 2338 1243 status
2379 1200 2480 1256 pu-

771 1283 938 1342 ritate
962 1262 1228 1344 'ducitun
1829 1264 1854 1281 ’

1191 1480 1301 1555 ln.
1359 1480 2076 1555 CONTEMPLATIO.

532 1682 580 1736 S·
619 1680 669 1726 1·
855 1676 1119 1751 Agedum
1160 1691 1315 1749 ergo,
1359 1676 1534 1749 probe
1575 1676 1678 1749 fili,
1721 1676 1846 1749 post
1881 1676 2099 1747 figuras
2127 1676 2337 1733 ordine.
2358 1692 2488 1734 san·

776 1782 981 1847 cteque
1008 1776 1273 1848 digestaS,
1294 1777 1646 1835 Deirormem
1686 1775 2160 1847 primigeniorum
2189 1776 2488 1834 veritatem

777 1875 847 1930 iis
875 1874 974 1944 qui
1005 1875 1193 1932 adhuc
1235 1873 1540 1930 initiantur
1579 1872 1897 1943 declarabo,
1925 1872 2006 1929 ad
2027 1886 2228 1929 eorum
2263 1874 2492 1930 animos

778 1984 1032 2042 congrue
1093 1969 1424 2027 excitandos
1438 1986 1456 2040 ;
1517 1984 1592 2027 ne
1651 1970 1878 2027 diversa
1939 1969 2040 2027 illa
2089 1968 2490 2039 symbolorum

503 2072 704 2121 Inutilis.
777 2082 938 2124 sacra
967 2068 1301 2139 compositio
1329 2067 1467 2139 ipsis
1495 2066 1514 2085 ³
1545 2067 1788 2139 insipida
1816 2066 2038 2138 existat,
2067 2066 2115 2122 si
2145 2067 2490 2125 exteriorem

778 2172 1004 2224 tantum
1064 2172 1407 2237 apparatum
1461 2180 1580 2236 prae
1635 2179 1700 2222 se
1751 2164 1910 2223 ferat.
1966 2164 2052 2223 Ac
2105 2164 2494 2227 sacratissima

552 2260 681 2315 Quid
778 2264 1014 2333 quidem
1056 2263 1436 2335 Eloquiorum
1471 2265 1694 2322 cantica
1719 2269 1774 2321 et
1804 2263 2072 2321 lectiones
2110 2262 2308 2334 probae
2351 2263 2493 2334 ipsis

470 2344 621 2447 '⁶222
634 2344 748 2448 ‘gn‘
780 2362 1034 2421 innuunt
1084 2362 1216 2421 vitae
1266 2362 1662 2435 disciplinam,
1705 2369 1762 2419 et
1801 2375 1934 2432 quae
1988 2361 2140 2417 hanc
2186 2362 2492 2432 praecedit,

487 2473 733 2519 ιοοιεοηοε.
780 2461 1169 2519 omnimodam
1219 2468 1503 2532 corruptae
1548 2458 1842 2531 pravitatis
1887 2458 2303 2530 expiationem:
2347 2459 2496 2516 divi-

554 2568 685 2622 οιιεα
779 2558 1017 2618 nissima
1057 2573 1192 2616 vero
1233 2560 1410 2615 unius
1450 2558 1827 2629 ejusdemque
1859 2571 1993 2617 cum
2030 2556 2194 2627 panis
2233 2562 2360 2617 tum
2383 2572 2496 2633 ⁴ca-

489 2641 642 2754 an?
662 2646 728 2721 f*
780 2656 907 2714 licis
948 2655 1273 2713 communis
1312 2668 1382 2711 ac
1421 2652 1658 2724 pacifica
1697 2652 2081 2723 participatio,
2124 2652 2382 2711 divinam
2425 2654 2497 2711 iis

468 2722 740 2839 pa‘ss‘sssgss'a-
782 2767 1012 2813 morum
1054 2751 1540 2821 conformitatem,
1583 2756 1880 2820 tamquam
1921 2750 2304 2822 connutritiis‚
2349 2766 2496 2822 prae-

572 2852 657 2894 ²1⁰-
784 2852 1013 2922 scribit;
1056 2864 1163 2907 nec
1202 2863 1321 2907 non
1364 2856 1540 2905 coenae
1575 2848 1948 2905 divinissimae
1975 2856 2150 2919 atque
2176 2850 2496 2920 archisym-

786 2949 933 3007 bolae
986 2947 1400 3017 mysteriorum
1441 2945 1652 3003 horum
1693 2954 2116 3015 sacrosanctam
2179 2930 2500 3005 introducit

784 3046 1414 3104 commemorationem:
1465 3044 1636 3116 quus
1689 3046 1861 3103 etiam
1914 3046 2151 3116 ipsemet
2201 3045 2496 3117 symbolo-

785 3157 919 3202 rum
952 3148 1173 3219 ·auctor
1218 3141 1356 3213 jure
1408 3142 1778 3201 meritissimo
1831 3149 2086 3199 exortem
2135 3144 2272 3201 facit
2321 3150 2458 3202 euin
2479 3189 2497 3215 ,

788 3240 890 3311 qui
930 3253 1122 3309 neque
1163 3245 1360 3296 sancte
1387 3254 1576 3311 neque
1597 3241 1796 3299 animo
1831 3240 2098 3297 concordi
2140 3256 2363 3301 sacram
2407 3256 2502 3299 se·-

790 3351 921 3398 cum
966 3351 1189 3395 coenam
1228 3336 1649 3412 frequentarat3
1679 3338 1888 3397 docens
1915 3336 2090 3397 simul
2119 3345 2313 3397 sancte
2347 3340 2498 3398 Deo-
