2667 4259
780 334 897 393 200
1254 350 1299 392 s.
1343 318 1592 393 nlomsn
1631 348 2002 393 Ausoniam-ra.

780 455 899 511 Deo
940 452 1157 511 bonum
1199 454 1279 511 sit
1328 454 1454 525 ipsa
1499 456 1848 527 substantia,
1881 456 1950 545 ‘si
2001 464 2360 527 permutetur
2393 458 2482 517 ‘ex

530 1059 573 1112 s.
614 1056 698 1101 22.

522 1126 709 1173 Malum

477 1200 623 1244 enam
654 1208 755 1243 mm

479 1328 483 1333 .
535 1277 609 1315 est
643 1270 697 1313 iu
736 1306 741 1311 .

499 1340 714 1401 Angelis.

782 554 934 611 hono
973 554 1153 623 Deus,
1194 552 1507 624 aliquando
1547 554 1782 625 quidem
1823 556 1946 626 erit,
1988 554 2297 626 aliquando
2335 571 2480 615 vero

782 665 901 709 non
954 653 1079 709 erit.
1136 652 1195 709 Si
1246 659 1441 711 autem
1495 654 1923 727 participatione
1971 654 2188 713 bonum
2233 654 2480 727 haheat,

782 750 1014 809 habehit
1054 751 1255 823 utique
1294 767 1369 810 ex
1408 752 1537 823 alic,
1567 760 1742 824 atque
1780 752 1920 815 alias
1961 754 2018 811 id
2057 754 2304 825 habehit,
2329 754 2478 813 alias

784 862 927 909 non
943 850 1186 909 habebit.
1228 850 1444 909 Malum
1477 852 1655 923 igitur
1679 866 1784 909 nec
1801 867 1884 910 ex
1909 853 2044 924 Deo,
2089 866 2195 910 nec
2233 853 2296 910 in
2333 854 2479 966 Deo,
2557 872 2568 883 ·

782 964 974 1020 neque
1014 950 1265 1021 omnino,
1306 964 1496 1022 neque
1537 957 1692 1009 certo
1733 958 2004 1023 tempore.

785 1090 791 1095 .
864 1046 1017 1115 Quin
1058 1062 1133 1107 ne
1173 1049 1234 1108 in
1268 1048 1504 1121 Angelis
1531 1050 1764 1121 quidem
1791 1050 1940 1107 inest
1964 1048 2199 1109 malum.
2230 1044 2290 1109 Si
2318 1053 2477 1111 enim

782 1149 969 1207 bonus
1002 1145 1265 1221 Angelus
1305 1145 1558 1206 divinam
1599 1150 1859 1207 enuntiat
1907 1142 2268 1223 honitatem,‘
2291 1152 2348 1209 id
2389 1153 2478 1225 ip·

782 1260 913 1310 sum
936 1248 1203 1317 existens
1235 1248 1555 1305 secundum
1585 1250 2074 1322 participationem
2103 1250 2354 1308 secundo
2383 1266 2478 1309 or·

782 1346 935 1417 mne,
976 1344 1155 1417 quod
1170 1346 1489 1404 secundum
1517 1357 1750 1404 causam
1791 1354 1876 1405 est
1916 1348 1974 1405 id
2015 1348 2171 1419 quod
2211 1350 2475 1407 enuntia-

783 1451 879 1503 tur
918 1446 1129 1517 prime,
1172 1452 1323 1503 certe
1363 1444 1620 1517 Angelus
1655 1453 1746 1505 est
1785 1448 1972 1521 imago
2011 1449 2142 1519 Dei,
2185 1452 2242 1505 'et
2278 1450 2477 1507 arcani

783 1542 1023 1603 luminis
1063 1537 1400 1615 declaretiO,
1442 1527 1756 1615 speculum
1780 1560 2021 1617 purum,
2063 1545 2477 1619 clarissimum,

782 1643 1089 1716 integrum,
1130 1642 1581 1714 immaculatum,
1611 1642 2051 1715 intaminatum,
2094 1632 2270 1701 totam
2312 1646 2374 1703 in
2413 1662 2480 1704 se

782 1743 1061 1814 recipiens
1114 1740 1213 1815 (si
1252 1742 1412 1801 dictu
1461 1743 1546 1801 tas
1595 1749 1680 1800 est
1712 1741 2271 1818 )·pulchritudinem
2313 1745 2476 1801 boni·

783 1842 981 1899 formis
1020 1840 1428 1912 deiformitatis,
1471 1841 1808 1912 liquidoque
1836 1840 2069 1915 (quoad
2097 1842 2222 1899 fieri
2249 1844 2478 1918 potest)

782 1942 845 1997 iu
882 1940 1187 2011 semetipso
1232 1936 1596 2011 resplendere
1645 1941 1858 1998 faciens
1909 1941 2271 1999 secretissimi
2316 1941 2479 1999 illius

782 2038 995 2095 silentii
1033 2018 1344 2098 >benitatem
1357 2080 1374 2107 ,
1418 2044 1592 2108 atque
1640 2039 1782 2103 adeo
1825 2053 2014 2110 neque
2052 2030 2286 2112 Angelis
2327 2039 2481 2099 inest

781 2135 1031 2207 malum;
1084 2143 1144 2193 at
1196 2136 1353 2207 quod
1411 2136 1735 2207 peccatores
1794 2139 2069 2210 puniant,
2129 2138 2268 2197 mali
2321 2146 2479 2197 sunt.

674 2252 713 2283 ⁴.
781 2234 994 2293 Eadem
1046 2235 1297 2307 protecto
1349 2236 1570 2293 ratione
1617 2243 1961 2294 correctores
2015 2236 2478 2308 delinquentium

774 2332 917 2392 'maii
972 2340 1171 2406 erunt,
1222 2326 1372 2391 sicut
1423 2340 1478 2391 et
1531 2334 1892 2407 SacerdoteS,
1921 2334 2046 2405 oqui
2096 2324 2401 2406 profa'hum
2443 2352 2480 2393 a.

782 2432 1067 2504 mysteriis
1108 2433 1315 2491 divinis
1355 2440 1566 2491 arcent.
1603 2432 1782 2504 Atqui
1821 2448 1938 2490 non
1981 2434 2198 2491 malum
2241 2442 2326 2492 est
2368 2449 2476 2506 pu-

782 2532 914 2603 niri,
954 2534 1055 2590 sed
1094 2531 1362 2603 supplicii
1401 2544 1566 2589 reum
1605 2532 1728 2587 fieri
1742 2548 1761 2602 3
1805 2532 1889 2589 uti
1931 2533 2105 2589 etiam
2145 2533 2401 2604 aliquem
2443 2548 2479 2592 a

684 2671 687 2674 -
782 2630 970 2688 Sacris
1010 2636 1239 2701 propter
1278 2630 1555 2687 demerita
1588 2628 1825 2688 excludi
1859 2630 2095 2687 minime
2122 2630 2344 2689 malum
2371 2640 2478 2705 est,

530 2940 699 2996 8..ἳὸ

780 2730 881 2787 sed
923 2728 1233 2787 sceleribus
1275 2728 1652 2799 coinquinari,
1683 2734 1738 2785 et
1765 2730 2160 2829 sacratissimis
2188 2728 2478 2802 mysteriis

782 2830 1083 2901 indignum
1124 2826 1302 2899 reddi,
1343 2827 1672 2898 pessimum.

861 2926 972 2984 Sed
1012 2942 1203 2998 neque
1240 2928 1530 2983 daemones
1569 2934 1776 2985 natura
1816 2942 1922 2985 sua
1949 2927 2087 2985 mali
2129 2937 2294 2987 sunt:
2339 2946 2477 2988 nam

453 3010 745 3057 ‘⁰⁶2'²¹⁰²²²⁸
778 3027 829 3083 si
868 3032 1077 3082 natura
1116 3024 1255 3081 mali
1294 3025 1508 3096 forent,
1563 3040 1752 3097 neque
1793 3042 1865 3084 ex
1905 3026 2054 3083 bono
2108 3034 2332 3098 essent,
2379 3044 2478 3086 ne-

521 3096 709 3141 quoquc

488 3166 589 3198 non
625 3162 739 3199 sunt

526 3232 676 3269 natur
676 3238 706 3269 a

476 3308 568 3340 sua
616 3295 751 3342 attali.

781 3138 897 3195 que
934 3126 995 3181 in
1036 3130 1242 3180 natura
1290 3136 1486 3180 rerum
1541 3124 1878 3195 existerent,
1933 3139 2123 3195 neque
2175 3127 2348 3184 etiam
2404 3142 2479 3185 ex

782 3223 945 3281 honis
988 3221 1207 3293 mutati,
1236 3223 1284 3279 si
1306 3228 1515 3281 natura
1551 3236 1891 3295 semperque
1929 3223 2066 3281 mali
2071 3230 2273 3281 erant.
2303 3225 2476 3283 Dein-

782 3324 871 3393 de,
914 3336 1054 3380 num
1094 3321 1202 3380 sibi
1242 3321 1380 3379 mali
1421 3329 1572 3395 sunt,
1618 3324 1693 3381 an
1721 3321 1889 3381 aliis?
1930 3322 1988 3379 Si
2030 3323 2156 3395 sibi,
2189 3324 2359 3381 etiam
2388 3340 2477 3382 se-

783 3422 887 3495 ipsi
909 3422 1216 3496 perimunt,
1237 3421 1328 3481 sin
1351 3420 1496 3496 aliis,
1519 3422 1806 3495 quomodo
1835 3420 2188 3494 interimunt,
2213 3430 2308 3479 aut
2333 3424 2478 3495 quid
