2667 4259
498 1542 725 1589 Christus

462 1615 586 1673 plus
602 1625 752 1672 quam

529 1685 694 1729 homo·

395 3176 402 3179 ’
511 3198 558 3245 1.
591 3199 710 3245 Tim.

525 3273 572 3315 6.
610 3270 696 3315 16.

772 338 887 397 274
1253 352 1296 393 s,
1344 351 1590 394 nionrsn
1636 344 2011 395 AREOPAGl‘rAE

769 453 1123 513 abundantia
1164 454 1416 526 quadam
1450 455 2157 526 suprasubstantialitatis;
2194 436 2370 513 etiam
2416 458 2489 514 ad

770 553 1151 611 substantiam
1207 568 1341 611 vere
1396 555 1630 629 ¹veniens
1686 568 1863 624 supra
1914 554 2296 611 substantiam
2350 555 2489 613 sub-

771 652 1077 709 stantiatus
1116 658 1220 722 est,
1265 658 1320 710 et
1362 667 1537 723 supra
1583 653 1887 709 hominum
1931 652 2317 709 conditionem
2362 668 2490 723 ges-

772 750 844 807 sit
887 764 954 807 ea
993 764 1126 821 quae
1165 756 1306 807 sunt
1344 750 1611 807 hominis
1666 750 1833 817 Quod
1890 748 2143 806 declarat
2196 756 2252 805 et
2308 748 2492 821 Virgo

774 861 907 919 quae
947 861 1122 919 supra
1161 853 1433 905 naturam
1475 848 1653 919 parit,
1696 854 1752 903 et
1790 860 1947 918 aqua
1989 846 2310 917 profluens,
2354 860 2494 917 qua)

771 946 986 1017 pedum
1025 958 1101 1001 ex
1142 947 1384 1004 materia
1412 952 1679 1016 terraque
1708 926 2111 1002 concretorum
2148 945 2493 1015 gravitatem

775 1042 1048 1110 sustinet,
1113 1055 1304 1112 neque
1362 1042 1543 1111 eedit,
1576 1043 1702 1099 ·sed
1757 1042 1969 1099 virtute
2024 1042 2491 1112 supernaturali,

774 1140 898 1198 sine
939 1138 1251 1199 diffusione
1289 1140 1568 1197 subsistit.
1610 1140 1763 1206 Quid
1792 1153 1926 1197 vero
1956 1145 2177 1209 eaetera,
2208 1154 2341 1210 quae
2368 1140 2491 1196 val-

775 1238 848 1296 de
888 1238 1101 1308 multa,
1147 1238 1279 1309 quis
1319 1238 1646 1295 memoret?
1687 1238 1749 1293 in
1790 1251 1922 1307 quae
1964 1237 2011 1293 si
2054 1237 2285 1294 divinus
2328 1238 2491 1307 quis-

775 1336 929 1407 piam
973 1337 1294 1406 intueatur,
1337 1350 1515 1406 supra
1564 1341 1817 1392 mentem
1863 1334 2031 1391 etiam
2076 1342 2378 1405 cognoscet
2424 1350 2493 1391 ea

778 1446 909 1503 quae
965 1434 1036 1489 de
1090 1432 1446 1489 humanitate
1500 1432 1635 1489 Jesu
1695 1432 2090 1501 assimilantur,
2154 1431 2493 1488 excellentis

779 1544 1013 1601 quoque
1050 1530 1373 1601 negationis
1401 1530 1673 1587 virtutem
1698 1522 2013 1587 'continere
2045 1530 2206 1598 Nam,
2239 1518 2301 1585 u't
2330 1540 2491 1586 sum·

779 1627 979 1684 matim
1019 1626 1310 1699 dieamus,
1364 1642 1439 1683 ne
1489 1627 1659 1683 homo
1702 1627 1937 1697 quidem
1980 1633 2130 1696 erat,
2175 1639 2291 1683 non
2336 1628 2496 1698 quod

779 1738 897 1781 non
938 1731 1086 1781 esset
1125 1723 1322 1794 homor
1346 1724 1445 1781 sed
1474 1723 1630 1795 quod
1670 1736 1743 1780 ex
1779 1723 2113 1781 hominihus
2155 1730 2347 1793 natuS,
2390 1724 2494 1781 ho·

780 1822 966 1878 mines
993 1820 1165 1892 longe
1193 1826 1506 1891 superaret,
1536 1829 1590 1877 et
1620 1835 1795 1891 supra
1830 1821 2124 1879 hominem
2153 1835 2288 1878 vere
2316 1821 2491 1878 homo

781 1920 966 1977 sactus
1008 1920 1095 1975 si't.
1143 1919 1422 1976 C'oeterum
1460 1918 1655 1975 divina
1696 1934 1814 1976 non
1857 1933 1974 1989 qua
2014 1920 2169 1975 Deus
2210 1920 2493 1989 patrabat,

780 2030 970 2086 neque
1012 2016 1266 2073 humana
1309 2023 1596 2086 quatenus
1638 2016 1809 2079 homo
1853 2019 2082 2090 gerebat
2096 2034 2114 2087 3
2151 2018 2251 2075 sed
2295 2024 2497 2088 quate—

779 2126 893 2168 nus
935 2118 1056 2169 erat
1096 2113 1252 2169 Deus
1293 2120 1350 2169 et
1390 2113 1578 2181 homo,
1610 2128 1819 2172 novam
1855 2116 2147 2186 quandam
2190 2115 2498 2172 nobiseum

781 2210 1172 2267 conversando
1215 2210 1534 2269 deivirilem
1576 2213 1965 2283 operationem
2008 2208 2328 2270 exhibebat.

1343 2404 1801 2461 nrls'romA
1836 2405 1949 2460 v,-

1197 2520 1608 2607 Dorotheo
1672 2538 2074 2606 ministro.

1285 2738 1628 2796 SYNOPSIS
1675 2737 1977 2795 CAPITIS.

849 2880 1080 2939 Explica}
1115 2878 1231 2937 quid
1267 2880 1333 2923 sit
1367 2876 1520 2937 caliyo
1551 2877 1733 2930 divitia,
1761 2877 1818 2922 de
1843 2891 1939 2935 qua
1964 2878 2058 2935 egit
2080 2877 2207 2923 libro
2234 2876 2293 2921 de
2316 2876 2490 2934 Hysti-

778 2983 835 3015 ca
877 2966 1153 3026 Theoloqa‘a.
1875 2968 1881 2975 '

781 3130 1016 3249 Divina
1055 3190 1239 3265 caligo
1289 3192 1397 3249 lux
1450 3199 1537 3249 est
1587 3194 1902 3261 inaccessa,
1948 3204 2123 3263 quam
2165 3190 2495 3247 inhabitare

780 3292 935 3350 Deus
972 3288 1324 3361 perhibetur.
1368 3292 1439 3348 Et
1480 3306 1611 3349 eum
1656 3290 1889 3361 quidem
1932 3290 2005 3347 sit
2046 3289 2497 3360 inaspectabiliS,

779 3395 1011 3461 propter
1051 3389 1463 3458 exuberantem
1500 3386 1957 3460 supernaturalis
1984 3387 2223 3447 luminis
2250 3386 2493 3443 effusio·
