<?xml version="1.0" encoding="UTF-8"?>
<!DOCTYPE html PUBLIC "-//W3C//DTD XHTML 1.0 Transitional//EN"
    "http://www.w3.org/TR/xhtml1/DTD/xhtml1-transitional.dtd">
<html xmlns="http://www.w3.org/1999/xhtml" xml:lang="en" lang="en">
 <head>
  <title>
</title>
<meta http-equiv="Content-Type" content="text/html;charset=utf-8" />
  <meta name='ocr-system' content='tesseract 3.04.00' />
  <meta name='ocr-capabilities' content='ocr_page ocr_carea ocr_par ocr_line ocrx_word'/>
</head>
<body>
  <div class='ocr_page' id='page_1' title='image "./sanctidionysiia00cordgoog_0105.png"; bbox 0 0 2667 4259; ppageno 0'>
   <div class='ocr_carea' id='block_1_1' title="bbox 550 296 1880 359">
    <p class='ocr_par' dir='ltr' id='par_1_1' title="bbox 550 296 1880 359">
     <span class='ocr_line' id='line_1_1' title="bbox 550 296 1880 359; baseline 0.008 -10"><span class='ocrx_word' id='word_1_1' title='bbox 550 302 622 353; x_wconf 68' lang='lat' dir='ltr'><strong>ni:</strong></span> <span class='ocrx_word' id='word_1_2' title='bbox 651 309 807 353; x_wconf 68' lang='lat' dir='ltr'><strong>scon.</strong></span> <span class='ocrx_word' id='word_1_3' title='bbox 838 308 1069 355; x_wconf 56' lang='lat' dir='ltr'><strong>munau.</strong></span> <span class='ocrx_word' id='word_1_4' title='bbox 1102 296 1175 341; x_wconf 69' lang='lat'><strong>³-</strong></span> <span class='ocrx_word' id='word_1_5' title='bbox 1204 312 1392 357; x_wconf 61' lang='lat' dir='ltr'><strong>carm·</strong></span> <span class='ocrx_word' id='word_1_6' title='bbox 1421 314 1506 357; x_wconf 92' lang='grc' dir='ltr'><strong>ιιι.</strong></span> <span class='ocrx_word' id='word_1_7' title='bbox 1800 300 1880 359; x_wconf 75' lang='grc'><strong>93</strong></span> 
     </span>
    </p>
   </div>
   <div class='ocr_carea' id='block_1_2' title="bbox 128 411 2188 3316">
    <p class='ocr_par' dir='ltr' id='par_1_2' title="bbox 172 411 1877 481">
     <span class='ocr_line' id='line_1_2' title="bbox 172 411 1877 481; baseline 0.008 -19"><span class='ocrx_word' id='word_1_8' title='bbox 172 413 453 481; x_wconf 88' lang='lat' dir='ltr'><strong>mortuos,</strong></span> <span class='ocrx_word' id='word_1_9' title='bbox 496 411 597 470; x_wconf 86' lang='lat' dir='ltr'><strong>sed</strong></span> <span class='ocrx_word' id='word_1_10' title='bbox 638 428 711 469; x_wconf 87' lang='lat' dir='ltr'><strong>ex</strong></span> <span class='ocrx_word' id='word_1_11' title='bbox 755 423 935 472; x_wconf 88' lang='lat' dir='ltr'><strong>morte</strong></span> <span class='ocrx_word' id='word_1_12' title='bbox 962 416 1035 473; x_wconf 91' lang='lat' dir='ltr'><strong>ad</strong></span> <span class='ocrx_word' id='word_1_13' title='bbox 1062 415 1237 474; x_wconf 63' lang='lat' dir='ltr'><strong>vitam</strong></span> <span class='ocrx_word' id='word_1_14' title='bbox 1280 417 1698 475; x_wconf 76' lang='lat' dir='ltr'><strong>divinissimam</strong></span> <span class='ocrx_word' id='word_1_15' title='bbox 1725 423 1877 475; x_wconf 87' lang='lat' dir='ltr'><strong>tran-</strong></span> 
     </span>
    </p>

    <p class='ocr_par' dir='ltr' id='par_1_3' title="bbox 171 509 1884 685">
     <span class='ocr_line' id='line_1_3' title="bbox 172 509 1884 587; baseline 0.006 -22"><span class='ocrx_word' id='word_1_16' title='bbox 172 509 367 568; x_wconf 81' lang='lat' dir='ltr'><strong>slatoS.</strong></span> <span class='ocrx_word' id='word_1_17' title='bbox 426 511 675 571; x_wconf 78' lang='lat' dir='ltr'><strong>Adverte</strong></span> <span class='ocrx_word' id='word_1_18' title='bbox 726 522 951 587; x_wconf 86' lang='lat' dir='ltr'><strong>autem,</strong></span> <span class='ocrx_word' id='word_1_19' title='bbox 1006 523 1071 573; x_wconf 89' lang='lat' dir='ltr'><strong>ut</strong></span> <span class='ocrx_word' id='word_1_20' title='bbox 1112 524 1167 574; x_wconf 89' lang='lat' dir='ltr'><strong>et</strong></span> <span class='ocrx_word' id='word_1_21' title='bbox 1220 518 1398 575; x_wconf 85' lang='lat' dir='ltr'><strong>sacris</strong></span> <span class='ocrx_word' id='word_1_22' title='bbox 1451 517 1884 576; x_wconf 83' lang='lat' dir='ltr'><strong>memorialibus</strong></span> 
     </span>
     <span class='ocr_line' id='line_1_4' title="bbox 171 608 1882 685; baseline 0.005 -20"><span class='ocrx_word' id='word_1_23' title='bbox 171 608 525 682; x_wconf 84' lang='lat' dir='ltr'><strong>inserantur,</strong></span> <span class='ocrx_word' id='word_1_24' title='bbox 568 626 687 671; x_wconf 87' lang='lat' dir='ltr'><strong>non</strong></span> <span class='ocrx_word' id='word_1_25' title='bbox 728 611 895 685; x_wconf 81' lang='lat' dir='ltr'><strong>quasi</strong></span> <span class='ocrx_word' id='word_1_26' title='bbox 933 612 1191 673; x_wconf 82' lang='lat' dir='ltr'><strong>humano</strong></span> <span class='ocrx_word' id='word_1_27' title='bbox 1232 628 1394 672; x_wconf 86' lang='lat' dir='ltr'><strong>more</strong></span> <span class='ocrx_word' id='word_1_28' title='bbox 1433 616 1779 674; x_wconf 81' lang='lat' dir='ltr'><strong>memoriam·</strong></span> <span class='ocrx_word' id='word_1_29' title='bbox 1796 617 1882 674; x_wconf 91' lang='lat' dir='ltr'><strong>di·</strong></span> 
     </span>
    </p>

    <p class='ocr_par' dir='ltr' id='par_1_4' title="bbox 146 708 1886 883">
     <span class='ocr_line' id='line_1_5' title="bbox 178 708 1884 785; baseline 0.005 -21"><span class='ocrx_word' id='word_1_30' title='bbox 178 708 390 780; x_wconf 74' lang='lat' dir='ltr'><strong>vinam,</strong></span> <span class='ocrx_word' id='word_1_31' title='bbox 432 710 493 767; x_wconf 90' lang='lat' dir='ltr'><strong>in</strong></span> <span class='ocrx_word' id='word_1_32' title='bbox 522 725 589 768; x_wconf 90' lang='lat' dir='ltr'><strong>ea</strong></span> <span class='ocrx_word' id='word_1_33' title='bbox 608 718 775 783; x_wconf 64' lang='lat' dir='ltr'><strong>»parte</strong></span> <span class='ocrx_word' id='word_1_34' title='bbox 802 713 1095 771; x_wconf 84' lang='lat' dir='ltr'><strong>memoriae</strong></span> <span class='ocrx_word' id='word_1_35' title='bbox 1122 727 1253 783; x_wconf 82' lang='lat' dir='ltr'><strong>quae</strong></span> <span class='ocrx_word' id='word_1_36' title='bbox 1297 712 1418 769; x_wconf 89' lang='lat' dir='ltr'><strong>visa</strong></span> <span class='ocrx_word' id='word_1_37' title='bbox 1451 714 1666 785; x_wconf 81' lang='lat' dir='ltr'><strong>recipit,</strong></span> <span class='ocrx_word' id='word_1_38' title='bbox 1695 714 1884 772; x_wconf 84' lang='lat' dir='ltr'><strong>inesse</strong></span> 
     </span>
     <span class='ocr_line' id='line_1_6' title="bbox 146 796 1886 883; baseline 0.005 -22"><span class='ocrx_word' id='word_1_39' title='bbox 146 796 440 877; x_wconf 73' lang='lat' dir='ltr'><strong>declaret,</strong></span> <span class='ocrx_word' id='word_1_40' title='bbox 480 808 582 865; x_wconf 84' lang='lat' dir='ltr'><strong>sed</strong></span> <span class='ocrx_word' id='word_1_41' title='bbox 623 816 689 865; x_wconf 86' lang='lat' dir='ltr'><strong>ut</strong></span> <span class='ocrx_word' id='word_1_42' title='bbox 728 810 863 880; x_wconf 87' lang='lat' dir='ltr'><strong>quis</strong></span> <span class='ocrx_word' id='word_1_43' title='bbox 900 809 1116 867; x_wconf 79' lang='lat' dir='ltr'><strong>dixerit</strong></span> <span class='ocrx_word' id='word_1_44' title='bbox 1157 824 1258 883; x_wconf 80' lang='lat' dir='ltr'><strong>pro</strong></span> <span class='ocrx_word' id='word_1_45' title='bbox 1284 800 1406 867; x_wconf 79' lang='lat' dir='ltr'><strong>‘Dei</strong></span> <span class='ocrx_word' id='word_1_46' title='bbox 1447 810 1752 883; x_wconf 70' lang='lat' dir='ltr'><strong>dignitate,</strong></span> <span class='ocrx_word' id='word_1_47' title='bbox 1788 814 1886 869; x_wconf 83' lang='lat' dir='ltr'><strong>‘se·&#39;</strong></span> 
     </span>
    </p>

    <p class='ocr_par' dir='ltr' id='par_1_5' title="bbox 174 903 1884 978">
     <span class='ocr_line' id='line_1_7' title="bbox 174 903 1884 978; baseline 0.005 -18"><span class='ocrx_word' id='word_1_48' title='bbox 174 903 430 960; x_wconf 89' lang='lat' dir='ltr'><strong>cundum</strong></span> <span class='ocrx_word' id='word_1_49' title='bbox 471 918 598 965; x_wconf 88' lang='lat' dir='ltr'><strong>eam</strong></span> <span class='ocrx_word' id='word_1_50' title='bbox 638 920 771 977; x_wconf 87' lang='lat' dir='ltr'><strong>quae</strong></span> <span class='ocrx_word' id='word_1_51' title='bbox 812 908 873 965; x_wconf 91' lang='lat' dir='ltr'><strong>in</strong></span> <span class='ocrx_word' id='word_1_52' title='bbox 912 908 1033 966; x_wconf 81' lang='lat' dir='ltr'><strong>Deo</strong></span> <span class='ocrx_word' id='word_1_53' title='bbox 1056 912 1153 965; x_wconf 86' lang='lat' dir='ltr'><strong>est·</strong></span> <span class='ocrx_word' id='word_1_54' title='bbox 1168 922 1366 965; x_wconf 82' lang='lat' dir='ltr'><strong>rerum</strong></span> <span class='ocrx_word' id='word_1_55' title='bbox 1405 908 1787 978; x_wconf 73' lang='lat' dir='ltr'><strong>perfectarum</strong></span> <span class='ocrx_word' id='word_1_56' title='bbox 1815 922 1884 971; x_wconf 77' lang='lat' dir='ltr'><strong>ac</strong></span> 
     </span>
    </p>

    <p class='ocr_par' dir='ltr' id='par_1_6' title="bbox 128 998 1878 1079">
     <span class='ocr_line' id='line_1_8' title="bbox 128 998 1878 1079; baseline 0.003 -24"><span class='ocrx_word' id='word_1_57' title='bbox 128 1017 133 1021; x_wconf 93' lang='lat'>·</span> <span class='ocrx_word' id='word_1_58' title='bbox 169 998 531 1059; x_wconf 80' lang='lat' dir='ltr'><strong>deiformium</strong></span> <span class='ocrx_word' id='word_1_59' title='bbox 574 1004 976 1074; x_wconf 69' lang='lat' dir='ltr'><strong>pretiosamet</strong></span> <span class='ocrx_word' id='word_1_60' title='bbox 1016 1004 1436 1065; x_wconf 84' lang='lat' dir='ltr'><strong>immutabilem</strong></span> <span class='ocrx_word' id='word_1_61' title='bbox 1473 1004 1878 1079; x_wconf 79' lang='lat' dir='ltr'><strong>cognitionem.</strong></span> 
     </span>
    </p>

    <p class='ocr_par' dir='ltr' id='par_1_7' title="bbox 168 1096 2188 1465">
     <span class='ocr_line' id='line_1_9' title="bbox 169 1096 2186 1178; baseline 0.005 -25"><span class='ocrx_word' id='word_1_62' title='bbox 169 1096 341 1154; x_wconf 81' lang='lat' dir='ltr'><strong>Novit</strong></span> <span class='ocrx_word' id='word_1_63' title='bbox 378 1101 545 1169; x_wconf 75' lang='lat' dir='ltr'><strong>enim,</strong></span> <span class='ocrx_word' id='word_1_64' title='bbox 593 1098 708 1173; x_wconf 91' lang='lat' dir='ltr'><strong>(ut</strong></span> <span class='ocrx_word' id='word_1_65' title='bbox 746 1102 993 1173; x_wconf 81' lang='lat' dir='ltr'><strong>Eloquia</strong></span> <span class='ocrx_word' id='word_1_66' title='bbox 1032 1102 1370 1178; x_wconf 83' lang='lat' dir='ltr'><strong>testantur)</strong></span> <span class='ocrx_word' id='word_1_67' title='bbox 1425 1104 1522 1175; x_wconf 77' lang='lat' dir='ltr'><strong>qm·</strong></span> <span class='ocrx_word' id='word_1_68' title='bbox 1567 1108 1696 1161; x_wconf 76' lang='lat' dir='ltr'><strong>sunt</strong></span> <span class='ocrx_word' id='word_1_69' title='bbox 1735 1104 1877 1175; x_wconf 73' lang='lat' dir='ltr'><strong>ejus,</strong></span> <span class='ocrx_word' id='word_1_70' title='bbox 1909 1117 1961 1164; x_wconf 72' lang='lat'><strong>2.</strong></span> <span class='ocrx_word' id='word_1_71' title='bbox 1987 1114 2107 1163; x_wconf 79' lang='grc' dir='ltr'><strong>Τῑιιι.</strong></span> <span class='ocrx_word' id='word_1_72' title='bbox 2135 1119 2186 1163; x_wconf 73' lang='lat'><strong>2.</strong></span> 
     </span>
     <span class='ocr_line' id='line_1_10' title="bbox 169 1182 2188 1272; baseline 0.005 -22"><span class='ocrx_word' id='word_1_73' title='bbox 169 1200 223 1251; x_wconf 84' lang='lat' dir='ltr'><strong>ct</strong></span> <span class='ocrx_word' id='word_1_74' title='bbox 264 1195 516 1255; x_wconf 74' lang='lat' dir='ltr'><strong>Pretiosa</strong></span> <span class='ocrx_word' id='word_1_75' title='bbox 540 1199 601 1255; x_wconf 72' lang='lat' dir='ltr'><strong>in</strong></span> <span class='ocrx_word' id='word_1_76' title='bbox 626 1204 913 1271; x_wconf 68' lang='lat' dir='ltr'><strong>conspectu</strong></span> <span class='ocrx_word' id='word_1_77' title='bbox 938 1201 1163 1259; x_wconf 74' lang='lat' dir='ltr'><strong>Domini</strong></span> <span class='ocrx_word' id='word_1_78' title='bbox 1187 1216 1340 1258; x_wconf 73' lang='lat' dir='ltr'><strong>mors</strong></span> <span class='ocrx_word' id='word_1_79' title='bbox 1369 1201 1698 1259; x_wconf 68' lang='lat' dir='ltr'><strong>Sanctorum</strong></span> <span class='ocrx_word' id='word_1_80' title='bbox 1737 1182 1880 1272; x_wconf 65' lang='lat' dir='ltr'><strong>ejus,</strong></span> <span class='ocrx_word' id='word_1_81' title='bbox 1907 1186 2035 1233; x_wconf 53' lang='grc' dir='ltr'><strong>Ῥω·</strong></span> <span class='ocrx_word' id='word_1_82' title='bbox 2065 1188 2126 1232; x_wconf 70' lang='lat'><strong>¹¹</strong></span> <span class='ocrx_word' id='word_1_83' title='bbox 2141 1189 2188 1233; x_wconf 90' lang='lat'><strong>⁵·</strong></span> 
     </span>
     <span class='ocr_line' id='line_1_11' title="bbox 168 1258 2091 1383; baseline 0.003 -34"><span class='ocrx_word' id='word_1_84' title='bbox 168 1300 355 1353; x_wconf 88' lang='lat' dir='ltr'><strong>morte</strong></span> <span class='ocrx_word' id='word_1_85' title='bbox 380 1296 727 1355; x_wconf 86' lang='lat' dir='ltr'><strong>Sanctorum</strong></span> <span class='ocrx_word' id='word_1_86' title='bbox 756 1312 861 1368; x_wconf 82' lang='lat' dir='ltr'><strong>pro</strong></span> <span class='ocrx_word' id='word_1_87' title='bbox 886 1304 1085 1356; x_wconf 86' lang='lat' dir='ltr'><strong>sancta</strong></span> <span class='ocrx_word' id='word_1_88' title='bbox 1112 1298 1608 1383; x_wconf 77' lang='lat' dir='ltr'><strong>consummatione</strong></span> <span class='ocrx_word' id='word_1_89' title='bbox 1634 1304 1882 1369; x_wconf 82' lang='lat' dir='ltr'><strong>accepta.</strong></span> <span class='ocrx_word' id='word_1_90' title='bbox 2005 1258 2031 1302; x_wconf 61' lang='lat'><strong>⁴</strong></span> <span class='ocrx_word' id='word_1_91' title='bbox 2047 1260 2091 1304; x_wconf 54' lang='grc' dir='ltr'><strong>δ’</strong></span> 
     </span>
     <span class='ocr_line' id='line_1_12' title="bbox 168 1387 1881 1465; baseline 0.005 -22"><span class='ocrx_word' id='word_1_92' title='bbox 168 1387 278 1446; x_wconf 87' lang='lat' dir='ltr'><strong>Sed</strong></span> <span class='ocrx_word' id='word_1_93' title='bbox 307 1398 363 1448; x_wconf 87' lang='lat' dir='ltr'><strong>et</strong></span> <span class='ocrx_word' id='word_1_94' title='bbox 390 1393 537 1451; x_wconf 86' lang='lat' dir='ltr'><strong>illud</strong></span> <span class='ocrx_word' id='word_1_95' title='bbox 566 1408 805 1465; x_wconf 83' lang='lat' dir='ltr'><strong>quoque</strong></span> <span class='ocrx_word' id='word_1_96' title='bbox 844 1401 1041 1451; x_wconf 85' lang='lat' dir='ltr'><strong>sancte</strong></span> <span class='ocrx_word' id='word_1_97' title='bbox 1080 1395 1342 1463; x_wconf 75' lang='lat' dir='ltr'><strong>observa,</strong></span> <span class='ocrx_word' id='word_1_98' title='bbox 1383 1399 1449 1449; x_wconf 87' lang='lat' dir='ltr'><strong>ut</strong></span> <span class='ocrx_word' id='word_1_99' title='bbox 1488 1392 1770 1464; x_wconf 50' lang='lat' dir='ltr'><strong>‘impositis</strong></span> <span class='ocrx_word' id='word_1_100' title='bbox 1797 1393 1881 1451; x_wconf 87' lang='lat' dir='ltr'><strong>di-</strong></span> 
     </span>
    </p>

    <p class='ocr_par' dir='ltr' id='par_1_8' title="bbox 168 1486 1880 1562">
     <span class='ocr_line' id='line_1_13' title="bbox 168 1486 1880 1562; baseline 0.004 -20"><span class='ocrx_word' id='word_1_101' title='bbox 168 1486 301 1546; x_wconf 74' lang='lat' dir='ltr'><strong>vino</strong></span> <span class='ocrx_word' id='word_1_102' title='bbox 342 1488 513 1548; x_wconf 84' lang='lat' dir='ltr'><strong>altari</strong></span> <span class='ocrx_word' id='word_1_103' title='bbox 554 1492 733 1548; x_wconf 84' lang='lat' dir='ltr'><strong>sacris</strong></span> <span class='ocrx_word' id='word_1_104' title='bbox 774 1492 1053 1561; x_wconf 83' lang='lat' dir='ltr'><strong>symbolis</strong></span> <span class='ocrx_word' id='word_1_105' title='bbox 1092 1491 1309 1561; x_wconf 79' lang='lat' dir='ltr'><strong>quihus</strong></span> <span class='ocrx_word' id='word_1_106' title='bbox 1364 1489 1624 1547; x_wconf 83' lang='lat' dir='ltr'><strong>Christus</strong></span> <span class='ocrx_word' id='word_1_107' title='bbox 1663 1490 1880 1562; x_wconf 79' lang='lat' dir='ltr'><strong>signifi·</strong></span> 
     </span>
    </p>

    <p class='ocr_par' dir='ltr' id='par_1_9' title="bbox 162 1585 1882 1658">
     <span class='ocr_line' id='line_1_14' title="bbox 162 1585 1882 1658; baseline 0.003 -18"><span class='ocrx_word' id='word_1_108' title='bbox 162 1591 333 1642; x_wconf 85' lang='lat' dir='ltr'><strong>catur</strong></span> <span class='ocrx_word' id='word_1_109' title='bbox 372 1602 441 1643; x_wconf 87' lang='lat' dir='ltr'><strong>ac</strong></span> <span class='ocrx_word' id='word_1_110' title='bbox 482 1588 753 1658; x_wconf 82' lang='lat' dir='ltr'><strong>sumitur,</strong></span> <span class='ocrx_word' id='word_1_111' title='bbox 796 1588 1058 1658; x_wconf 85' lang='lat' dir='ltr'><strong>protinus</strong></span> <span class='ocrx_word' id='word_1_112' title='bbox 1085 1587 1233 1645; x_wconf 88' lang='lat' dir='ltr'><strong>adsit</strong></span> <span class='ocrx_word' id='word_1_113' title='bbox 1260 1587 1604 1645; x_wconf 76' lang='lat' dir='ltr'><strong>Sanctorum</strong></span> <span class='ocrx_word' id='word_1_114' title='bbox 1644 1585 1766 1645; x_wconf 84' lang='lat' dir='ltr'><strong>illa·</strong></span> <span class='ocrx_word' id='word_1_115' title='bbox 1783 1589 1882 1645; x_wconf 86' lang='lat' dir='ltr'><strong>de·</strong></span> 
     </span>
    </p>

    <p class='ocr_par' dir='ltr' id='par_1_10' title="bbox 156 1682 1884 1855">
     <span class='ocr_line' id='line_1_15' title="bbox 156 1682 1884 1756; baseline 0.003 -20"><span class='ocrx_word' id='word_1_116' title='bbox 156 1682 403 1752; x_wconf 77' lang='lat' dir='ltr'><strong>scriptio</strong></span> <span class='ocrx_word' id='word_1_117' title='bbox 412 1699 431 1752; x_wconf 84' lang='lat'><em>3</em></span> <span class='ocrx_word' id='word_1_118' title='bbox 462 1697 595 1754; x_wconf 84' lang='lat' dir='ltr'><strong>quae</strong></span> <span class='ocrx_word' id='word_1_119' title='bbox 620 1684 979 1743; x_wconf 80' lang='lat' dir='ltr'><strong>individuam</strong></span> <span class='ocrx_word' id='word_1_120' title='bbox 1006 1699 1204 1743; x_wconf 87' lang='lat' dir='ltr'><strong>eorum</strong></span> <span class='ocrx_word' id='word_1_121' title='bbox 1234 1685 1704 1756; x_wconf 69' lang='lat' dir='ltr'><strong>coniunctionem</strong></span> <span class='ocrx_word' id='word_1_122' title='bbox 1725 1684 1884 1742; x_wconf 84' lang='lat' dir='ltr'><strong>unio-</strong></span> 
     </span>
     <span class='ocr_line' id='line_1_16' title="bbox 158 1780 1877 1855; baseline 0.003 -19"><span class='ocrx_word' id='word_1_123' title='bbox 158 1792 423 1850; x_wconf 83' lang='lat' dir='ltr'><strong>nemque</strong></span> <span class='ocrx_word' id='word_1_124' title='bbox 478 1795 612 1839; x_wconf 90' lang='lat' dir='ltr'><strong>cum</strong></span> <span class='ocrx_word' id='word_1_125' title='bbox 674 1780 775 1839; x_wconf 89' lang='lat' dir='ltr'><strong>illo</strong></span> <span class='ocrx_word' id='word_1_126' title='bbox 832 1782 1360 1854; x_wconf 84' lang='lat' dir='ltr'><strong>supermundialem</strong></span> <span class='ocrx_word' id='word_1_127' title='bbox 1415 1790 1754 1855; x_wconf 75' lang='lat' dir='ltr'><strong>sacramque</strong></span> <span class='ocrx_word' id='word_1_128' title='bbox 1792 1784 1877 1841; x_wconf 89' lang='lat' dir='ltr'><strong>in·</strong></span> 
     </span>
    </p>

    <p class='ocr_par' dir='ltr' id='par_1_11' title="bbox 164 1878 377 1934">
     <span class='ocr_line' id='line_1_17' title="bbox 164 1878 377 1934; baseline 0.005 -2"><span class='ocrx_word' id='word_1_129' title='bbox 164 1878 377 1934; x_wconf 88' lang='lat' dir='ltr'><strong>sinuat.</strong></span> 
     </span>
    </p>

    <p class='ocr_par' dir='ltr' id='par_1_12' title="bbox 157 1974 2168 3316">
     <span class='ocr_line' id='line_1_18' title="bbox 251 1974 2131 2047; baseline 0.004 -17"><span class='ocrx_word' id='word_1_130' title='bbox 251 1974 353 2030; x_wconf 85' lang='lat' dir='ltr'><strong>His</strong></span> <span class='ocrx_word' id='word_1_131' title='bbox 404 1980 598 2031; x_wconf 86' lang='lat' dir='ltr'><strong>autem</strong></span> <span class='ocrx_word' id='word_1_132' title='bbox 652 1990 720 2033; x_wconf 84' lang='lat' dir='ltr'><strong>eo</strong></span> <span class='ocrx_word' id='word_1_133' title='bbox 774 1990 892 2047; x_wconf 90' lang='lat' dir='ltr'><strong>quo</strong></span> <span class='ocrx_word' id='word_1_134' title='bbox 946 1976 1162 2035; x_wconf 87' lang='lat' dir='ltr'><strong>dictum</strong></span> <span class='ocrx_word' id='word_1_135' title='bbox 1224 1985 1310 2037; x_wconf 89' lang='lat' dir='ltr'><strong>est</strong></span> <span class='ocrx_word' id='word_1_136' title='bbox 1369 1978 1486 2037; x_wconf 88' lang='lat' dir='ltr'><strong>ritu</strong></span> <span class='ocrx_word' id='word_1_137' title='bbox 1548 1977 1876 2047; x_wconf 74' lang='lat' dir='ltr'><strong>celebratiS‚</strong></span> <span class='ocrx_word' id='word_1_138' title='bbox 1960 1982 2006 2037; x_wconf 79' lang='lat' dir='ltr'><strong>S·</strong></span> <span class='ocrx_word' id='word_1_139' title='bbox 2045 1979 2131 2027; x_wconf 77' lang='lat'><strong>1⁰·</strong></span> 
     </span>
     <span class='ocr_line' id='line_1_19' title="bbox 164 2051 2168 2166; baseline 0.005 -38"><span class='ocrx_word' id='word_1_140' title='bbox 164 2071 399 2129; x_wconf 82' lang='lat' dir='ltr'><strong>adstans</strong></span> <span class='ocrx_word' id='word_1_141' title='bbox 440 2086 633 2131; x_wconf 87' lang='lat' dir='ltr'><strong>coram</strong></span> <span class='ocrx_word' id='word_1_142' title='bbox 674 2074 949 2145; x_wconf 83' lang='lat' dir='ltr'><strong>symbolis</strong></span> <span class='ocrx_word' id='word_1_143' title='bbox 990 2078 1366 2135; x_wconf 79' lang='lat' dir='ltr'><strong>sanctissimis</strong></span> <span class='ocrx_word' id='word_1_144' title='bbox 1419 2078 1685 2137; x_wconf 73' lang='lat' dir='ltr'><strong>Pontifex</strong></span> <span class='ocrx_word' id='word_1_145' title='bbox 1721 2092 1878 2149; x_wconf 85' lang='lat' dir='ltr'><strong>aqua</strong></span> <span class='ocrx_word' id='word_1_146' title='bbox 1921 2051 2168 2166; x_wconf 49' lang='lat'><strong>13:332?-</strong></span> 
     </span>
     <span class='ocr_line' id='line_1_20' title="bbox 162 2170 2140 2236; baseline 0.005 -9"><span class='ocrx_word' id='word_1_147' title='bbox 162 2184 375 2227; x_wconf 86' lang='lat' dir='ltr'><strong>manus</strong></span> <span class='ocrx_word' id='word_1_148' title='bbox 413 2170 599 2228; x_wconf 84' lang='lat' dir='ltr'><strong>abluit</strong></span> <span class='ocrx_word' id='word_1_149' title='bbox 634 2187 760 2230; x_wconf 79' lang='lat' dir='ltr'><strong>una</strong></span> <span class='ocrx_word' id='word_1_150' title='bbox 784 2188 919 2231; x_wconf 86' lang='lat' dir='ltr'><strong>cum</strong></span> <span class='ocrx_word' id='word_1_151' title='bbox 952 2172 1326 2232; x_wconf 83' lang='lat' dir='ltr'><strong>sacerdotum</strong></span> <span class='ocrx_word' id='word_1_152' title='bbox 1369 2176 1572 2232; x_wconf 83' lang='lat' dir='ltr'><strong>ordine</strong></span> <span class='ocrx_word' id='word_1_153' title='bbox 1597 2188 1873 2233; x_wconf 77' lang='lat' dir='ltr'><strong>venerari·</strong></span> <span class='ocrx_word' id='word_1_154' title='bbox 1951 2191 2140 2236; x_wconf 71' lang='lat' dir='ltr'><strong>amatio</strong></span> 
     </span>
     <span class='ocr_line' id='line_1_21' title="bbox 162 2262 2108 2343; baseline 0.003 -19"><span class='ocrx_word' id='word_1_155' title='bbox 162 2268 253 2325; x_wconf 88' lang='lat' dir='ltr'><strong>do.</strong></span> <span class='ocrx_word' id='word_1_156' title='bbox 294 2270 439 2327; x_wconf 86' lang='lat' dir='ltr'><strong>Nam</strong></span> <span class='ocrx_word' id='word_1_157' title='bbox 484 2270 587 2342; x_wconf 86' lang='lat' dir='ltr'><strong>qui</strong></span> <span class='ocrx_word' id='word_1_158' title='bbox 628 2270 781 2327; x_wconf 87' lang='lat' dir='ltr'><strong>lotus</strong></span> <span class='ocrx_word' id='word_1_159' title='bbox 823 2277 911 2328; x_wconf 89' lang='lat' dir='ltr'><strong>est</strong></span> <span class='ocrx_word' id='word_1_160' title='bbox 954 2267 975 2342; x_wconf 94' lang='lat'>(</span> <span class='ocrx_word' id='word_1_161' title='bbox 1005 2278 1069 2327; x_wconf 91' lang='lat' dir='ltr'><strong>ut</strong></span> <span class='ocrx_word' id='word_1_162' title='bbox 1108 2270 1360 2340; x_wconf 85' lang='lat' dir='ltr'><strong>Eloquia</strong></span> <span class='ocrx_word' id='word_1_163' title='bbox 1401 2271 1726 2343; x_wconf 84' lang='lat' dir='ltr'><strong>testantur)</strong></span> <span class='ocrx_word' id='word_1_164' title='bbox 1754 2286 1874 2329; x_wconf 87' lang='lat' dir='ltr'><strong>non</strong></span> <span class='ocrx_word' id='word_1_165' title='bbox 1973 2262 2108 2320; x_wconf 76' lang='lat' dir='ltr'><strong>quid.</strong></span> 
     </span>
     <span class='ocr_line' id='line_1_22' title="bbox 161 2365 1875 2437; baseline 0 -14"><span class='ocrx_word' id='word_1_166' title='bbox 161 2382 305 2437; x_wconf 87' lang='lat' dir='ltr'><strong>opus</strong></span> <span class='ocrx_word' id='word_1_167' title='bbox 347 2366 517 2425; x_wconf 86' lang='lat' dir='ltr'><strong>hahet</strong></span> <span class='ocrx_word' id='word_1_168' title='bbox 540 2367 654 2425; x_wconf 87' lang='lat' dir='ltr'><strong>alia</strong></span> <span class='ocrx_word' id='word_1_169' title='bbox 682 2380 858 2437; x_wconf 83' lang='lat' dir='ltr'><strong>quam</strong></span> <span class='ocrx_word' id='word_1_170' title='bbox 886 2365 1287 2423; x_wconf 81' lang='lat' dir='ltr'><strong>summitatum</strong></span> <span class='ocrx_word' id='word_1_171' title='bbox 1314 2378 1419 2421; x_wconf 88' lang='lat' dir='ltr'><strong>seu</strong></span> <span class='ocrx_word' id='word_1_172' title='bbox 1447 2365 1875 2423; x_wconf 82' lang='lat' dir='ltr'><strong>extremitatum</strong></span> 
     </span>
     <span class='ocr_line' id='line_1_23' title="bbox 160 2462 2163 2535; baseline -0.001 -14"><span class='ocrx_word' id='word_1_173' title='bbox 160 2468 403 2521; x_wconf 75' lang='lat' dir='ltr'><strong>suartrm</strong></span> <span class='ocrx_word' id='word_1_174' title='bbox 445 2466 673 2535; x_wconf 87' lang='lat' dir='ltr'><strong>lotione,</strong></span> <span class='ocrx_word' id='word_1_175' title='bbox 716 2476 821 2535; x_wconf 86' lang='lat' dir='ltr'><strong>per</strong></span> <span class='ocrx_word' id='word_1_176' title='bbox 862 2476 1039 2533; x_wconf 90' lang='lat' dir='ltr'><strong>quam</strong></span> <span class='ocrx_word' id='word_1_177' title='bbox 1082 2462 1285 2532; x_wconf 89' lang='lat' dir='ltr'><strong>utique</strong></span> <span class='ocrx_word' id='word_1_178' title='bbox 1332 2472 1664 2531; x_wconf 83' lang='lat' dir='ltr'><strong>supremam</strong></span> <span class='ocrx_word' id='word_1_179' title='bbox 1699 2474 1875 2523; x_wconf 85' lang='lat' dir='ltr'><strong>mun·</strong></span> <span class='ocrx_word' id='word_1_180' title='bbox 1921 2480 2163 2529; x_wconf 47' lang='lat' dir='ltr'><strong>losada.</strong></span> 
     </span>
     <span class='ocr_line' id='line_1_24' title="bbox 160 2542 2086 2633; baseline -0.001 -16"><span class='ocrx_word' id='word_1_181' title='bbox 160 2561 367 2633; x_wconf 79' lang='lat' dir='ltr'><strong>ditiam</strong></span> <span class='ocrx_word' id='word_1_182' title='bbox 409 2561 525 2632; x_wconf 83' lang='lat' dir='ltr'><strong>fiet,</strong></span> <span class='ocrx_word' id='word_1_183' title='bbox 567 2568 633 2619; x_wconf 89' lang='lat' dir='ltr'><strong>ut</strong></span> <span class='ocrx_word' id='word_1_184' title='bbox 672 2542 1029 2627; x_wconf 51' lang='lat' dir='ltr'><strong>diffinissimo</strong></span> <span class='ocrx_word' id='word_1_185' title='bbox 1056 2558 1331 2630; x_wconf 74' lang='lat' dir='ltr'><strong>praedi-tus</strong></span> <span class='ocrx_word' id='word_1_186' title='bbox 1357 2556 1558 2614; x_wconf 88' lang='lat' dir='ltr'><strong>habitu</strong></span> <span class='ocrx_word' id='word_1_187' title='bbox 1585 2556 1874 2615; x_wconf 76' lang='lat' dir='ltr'><strong>deiformi·</strong></span> <span class='ocrx_word' id='word_1_188' title='bbox 1998 2550 2086 2597; x_wconf 73' lang='lat'><strong>¹⁰·</strong></span> 
     </span>
     <span class='ocr_line' id='line_1_25' title="bbox 170 2656 1874 2731; baseline -0.001 -18"><span class='ocrx_word' id='word_1_189' title='bbox 170 2658 337 2731; x_wconf 76' lang='lat' dir='ltr'><strong>tatiS,</strong></span> <span class='ocrx_word' id='word_1_190' title='bbox 378 2659 519 2722; x_wconf 86' lang='lat' dir='ltr'><strong>dum</strong></span> <span class='ocrx_word' id='word_1_191' title='bbox 561 2660 635 2717; x_wconf 87' lang='lat' dir='ltr'><strong>ad</strong></span> <span class='ocrx_word' id='word_1_192' title='bbox 674 2659 977 2730; x_wconf 86' lang='lat' dir='ltr'><strong>sequentia</strong></span> <span class='ocrx_word' id='word_1_193' title='bbox 1017 2670 1251 2729; x_wconf 85' lang='lat' dir='ltr'><strong>quoque</strong></span> <span class='ocrx_word' id='word_1_194' title='bbox 1302 2656 1552 2729; x_wconf 83' lang='lat' dir='ltr'><strong>benigne</strong></span> <span class='ocrx_word' id='word_1_195' title='bbox 1590 2657 1874 2727; x_wconf 73' lang='lat' dir='ltr'><strong>procedit,</strong></span> 
     </span>
     <span class='ocr_line' id='line_1_26' title="bbox 166 2754 1874 2827; baseline -0.001 -15"><span class='ocrx_word' id='word_1_196' title='bbox 166 2755 313 2813; x_wconf 86' lang='lat' dir='ltr'><strong>liber</strong></span> <span class='ocrx_word' id='word_1_197' title='bbox 357 2757 589 2815; x_wconf 80' lang='lat' dir='ltr'><strong>futurus</strong></span> <span class='ocrx_word' id='word_1_198' title='bbox 630 2759 705 2815; x_wconf 90' lang='lat' dir='ltr'><strong>sit</strong></span> <span class='ocrx_word' id='word_1_199' title='bbox 744 2764 801 2815; x_wconf 87' lang='lat' dir='ltr'><strong>et</strong></span> <span class='ocrx_word' id='word_1_200' title='bbox 840 2756 1181 2827; x_wconf 72' lang='lat' dir='ltr'><strong>expeditus,</strong></span> <span class='ocrx_word' id='word_1_201' title='bbox 1214 2754 1428 2825; x_wconf 83' lang='lat' dir='ltr'><strong>quippe</strong></span> <span class='ocrx_word' id='word_1_202' title='bbox 1467 2766 1704 2825; x_wconf 85' lang='lat' dir='ltr'><strong>prorsus</strong></span> <span class='ocrx_word' id='word_1_203' title='bbox 1744 2754 1874 2812; x_wconf 89' lang='lat' dir='ltr'><strong>uni·</strong></span> 
     </span>
     <span class='ocr_line' id='line_1_27' title="bbox 161 2853 1874 2924; baseline 0.001 -14"><span class='ocrx_word' id='word_1_204' title='bbox 161 2854 384 2924; x_wconf 79' lang='lat' dir='ltr'><strong>formiS,</strong></span> <span class='ocrx_word' id='word_1_205' title='bbox 428 2862 485 2911; x_wconf 90' lang='lat' dir='ltr'><strong>et</strong></span> <span class='ocrx_word' id='word_1_206' title='bbox 522 2856 595 2913; x_wconf 87' lang='lat' dir='ltr'><strong>ad</strong></span> <span class='ocrx_word' id='word_1_207' title='bbox 639 2870 824 2912; x_wconf 89' lang='lat' dir='ltr'><strong>unum</strong></span> <span class='ocrx_word' id='word_1_208' title='bbox 864 2870 1069 2913; x_wconf 88' lang='lat' dir='ltr'><strong>rursus</strong></span> <span class='ocrx_word' id='word_1_209' title='bbox 1108 2854 1328 2910; x_wconf 77' lang='lat' dir='ltr'><strong>unitiva</strong></span> <span class='ocrx_word' id='word_1_210' title='bbox 1381 2864 1723 2924; x_wconf 82' lang='lat' dir='ltr'><strong>conversus,</strong></span> <span class='ocrx_word' id='word_1_211' title='bbox 1766 2853 1874 2913; x_wconf 57' lang='lat' dir='ltr'><strong>imae</strong></span> 
     </span>
     <span class='ocr_line' id='line_1_28' title="bbox 158 2949 1870 3011; baseline 0 -2"><span class='ocrx_word' id='word_1_212' title='bbox 158 2951 512 3011; x_wconf 85' lang='lat' dir='ltr'><strong>maculatam</strong></span> <span class='ocrx_word' id='word_1_213' title='bbox 552 2952 727 3011; x_wconf 84' lang='lat' dir='ltr'><strong>simul</strong></span> <span class='ocrx_word' id='word_1_214' title='bbox 769 2958 825 3009; x_wconf 84' lang='lat' dir='ltr'><strong>et</strong></span> <span class='ocrx_word' id='word_1_215' title='bbox 864 2953 1257 3009; x_wconf 86' lang='lat' dir='ltr'><strong>intemeratam</strong></span> <span class='ocrx_word' id='word_1_216' title='bbox 1309 2964 1476 3008; x_wconf 92' lang='lat' dir='ltr'><strong>suam</strong></span> <span class='ocrx_word' id='word_1_217' title='bbox 1531 2949 1696 3009; x_wconf 80' lang='lat' dir='ltr'><strong>faciet</strong></span> <span class='ocrx_word' id='word_1_218' title='bbox 1735 2964 1870 3009; x_wconf 85' lang='lat' dir='ltr'><strong>eon-</strong></span> 
     </span>
     <span class='ocr_line' id='line_1_29' title="bbox 157 3048 1871 3121; baseline 0.002 -16"><span class='ocrx_word' id='word_1_219' title='bbox 157 3049 505 3121; x_wconf 74' lang='lat' dir='ltr'><strong>versionem,</strong></span> <span class='ocrx_word' id='word_1_220' title='bbox 547 3058 842 3121; x_wconf 83' lang='lat' dir='ltr'><strong>tamquam</strong></span> <span class='ocrx_word' id='word_1_221' title='bbox 882 3050 987 3119; x_wconf 87' lang='lat' dir='ltr'><strong>qui</strong></span> <span class='ocrx_word' id='word_1_222' title='bbox 1026 3048 1424 3106; x_wconf 80' lang='lat' dir='ltr'><strong>deiformitatis</strong></span> <span class='ocrx_word' id='word_1_223' title='bbox 1461 3064 1584 3106; x_wconf 82' lang='lat' dir='ltr'><strong>suae</strong></span> <span class='ocrx_word' id='word_1_224' title='bbox 1624 3048 1871 3121; x_wconf 83' lang='lat' dir='ltr'><strong>plenitu-</strong></span> 
     </span>
     <span class='ocr_line' id='line_1_30' title="bbox 158 3146 1904 3221; baseline 0 -16"><span class='ocrx_word' id='word_1_225' title='bbox 158 3148 362 3205; x_wconf 89' lang='lat' dir='ltr'><strong>dinem</strong></span> <span class='ocrx_word' id='word_1_226' title='bbox 390 3154 449 3205; x_wconf 89' lang='lat' dir='ltr'><strong>et</strong></span> <span class='ocrx_word' id='word_1_227' title='bbox 473 3148 853 3221; x_wconf 82' lang='lat' dir='ltr'><strong>integritatem</strong></span> <span class='ocrx_word' id='word_1_228' title='bbox 874 3152 1077 3203; x_wconf 79' lang='lat' dir='ltr'><strong>servet.</strong></span> <span class='ocrx_word' id='word_1_229' title='bbox 1100 3147 1277 3204; x_wconf 84' lang='lat' dir='ltr'><strong>Porro</strong></span> <span class='ocrx_word' id='word_1_230' title='bbox 1303 3161 1532 3204; x_wconf 87' lang='lat' dir='ltr'><strong>sacrum</strong></span> <span class='ocrx_word' id='word_1_231' title='bbox 1553 3146 1871 3219; x_wconf 79' lang='lat' dir='ltr'><strong>lavacrum,</strong></span> <span class='ocrx_word' id='word_1_232' title='bbox 1899 3182 1904 3194; x_wconf 83' lang='lat'><strong>·</strong></span> 
     </span>
     <span class='ocr_line' id='line_1_31' title="bbox 160 3243 1870 3316; baseline 0 -15"><span class='ocrx_word' id='word_1_233' title='bbox 160 3245 247 3301; x_wconf 89' lang='lat' dir='ltr'><strong>uti</strong></span> <span class='ocrx_word' id='word_1_234' title='bbox 288 3243 570 3315; x_wconf 81' lang='lat' dir='ltr'><strong>diximus,</strong></span> <span class='ocrx_word' id='word_1_235' title='bbox 613 3246 673 3303; x_wconf 86' lang='lat' dir='ltr'><strong>in</strong></span> <span class='ocrx_word' id='word_1_236' title='bbox 714 3243 885 3316; x_wconf 82' lang='lat' dir='ltr'><strong>legali</strong></span> <span class='ocrx_word' id='word_1_237' title='bbox 926 3248 1047 3300; x_wconf 82' lang='lat' dir='ltr'><strong>erat</strong></span> <span class='ocrx_word' id='word_1_238' title='bbox 1075 3243 1435 3314; x_wconf 83' lang='lat' dir='ltr'><strong>Hierarchia;</strong></span> <span class='ocrx_word' id='word_1_239' title='bbox 1479 3244 1650 3301; x_wconf 90' lang='lat' dir='ltr'><strong>modo</strong></span> <span class='ocrx_word' id='word_1_240' title='bbox 1675 3251 1870 3302; x_wconf 89' lang='lat' dir='ltr'><strong>autem</strong></span> 
     </span>
    </p>
   </div>
   <div class='ocr_carea' id='block_1_3' title="bbox 158 3320 1872 3419">
    <p class='ocr_par' dir='ltr' id='par_1_13' title="bbox 158 3320 1872 3419">
     <span class='ocr_line' id='line_1_32' title="bbox 158 3320 1872 3419; baseline -0.001 -20"><span class='ocrx_word' id='word_1_241' title='bbox 158 3342 461 3400; x_wconf 85' lang='lat' dir='ltr'><strong>Pontificis</strong></span> <span class='ocrx_word' id='word_1_242' title='bbox 501 3357 567 3400; x_wconf 85' lang='lat' dir='ltr'><strong>ac</strong></span> <span class='ocrx_word' id='word_1_243' title='bbox 609 3343 978 3402; x_wconf 82' lang='lat' dir='ltr'><strong>sacerdotum</strong></span> <span class='ocrx_word' id='word_1_244' title='bbox 1022 3340 1119 3399; x_wconf 90' lang='lat' dir='ltr'><strong>illa</strong></span> <span class='ocrx_word' id='word_1_245' title='bbox 1160 3354 1442 3419; x_wconf 86' lang='lat' dir='ltr'><strong>manuum</strong></span> <span class='ocrx_word' id='word_1_246' title='bbox 1480 3320 1699 3416; x_wconf 76' lang='lat' dir='ltr'><strong>ablutio</strong></span> <span class='ocrx_word' id='word_1_247' title='bbox 1727 3341 1872 3399; x_wconf 85' lang='lat' dir='ltr'><strong>iliud</strong></span> 
     </span>
    </p>
   </div>
  </div>
 </body>
</html>
