2667 4259
809 323 1224 371 crisi-ona
1286 326 1366 371 tx.
1826 311 1938 370 297

249 435 458 496 divinae
497 431 837 508 cognitionis
877 431 1278 490 convenienter
1329 429 1437 490 sibi
1479 433 1702 502 caperet
1721 411 1757 502 3⁶
1782 435 1838 488 et
1877 445 1945 489 ea

187 603 192 608 .
248 547 382 608 pars
421 533 629 590 animae
681 543 814 604 quae
853 546 888 589 a
927 529 1178 602 patiendi
1229 529 1563 587 necessitate
1602 528 1782 587 libera
1826 534 1944 600 est,

249 631 601 704 simplicibus
629 636 683 688 et
711 611 1277 686 intimis'divinarum
1306 626 1621 699 imaginum
1650 625 1948 699 speciebus

251 729 702 802 contemplandis
743 722 1138 808 destinaretur,
1182 726 1280 783 illa
1321 741 1457 783 vero
1498 740 1629 798 quae
1670 725 1948 798 passioni·

253 829 362 886 bus
401 828 656 886 subiecta
695 834 811 897 est,
853 831 917 883 ut
957 830 1180 882 naturae
1219 824 1346 896 eius
1386 824 1676 896 convenit,
1720 839 1947 882 curare·

251 935 352 987 tur
389 928 595 1000 simul,
636 933 692 984 et
732 927 791 984 in
831 925 1216 984 divinissimas
1265 939 1358 983 res
1408 939 1511 998 per
1559 926 1746 998 typica
1786 925 1948 998 Sym·

254 1027 387 1085 bola
406 1072 422 1098 ,
465 1027 546 1083 eis
587 1024 890 1092 artificiose
940 1023 1185 1082 abducta
1238 1025 1673 1095 protenderetur
1691 1070 1709 1096 ,
1752 1030 1817 1082 ut
1856 1023 1953 1082 cui

253 1125 575 1184 istiusmodi
614 1123 1008 1197 integumenta
1035 1129 1274 1196 cognata
1302 1123 1433 1195 sint,
1464 1123 1952 1194 quemadmodum

257 1221 578 1295 declarant,
619 1223 789 1281 etiam
846 1220 946 1294 qui
1000 1221 1196 1280 audita
1247 1229 1443 1292 aperta
1485 1221 1790 1294 Theologia
1830 1223 1955 1282 sine

257 1321 585 1391 involucriS,
616 1320 898 1392 effingunt
925 1319 986 1376 in
1013 1335 1074 1377 se
1099 1326 1300 1390 typum
1329 1319 1667 1391 quemdam,
1698 1320 1797 1392 qui
1826 1320 1954 1379 illos

258 1421 333 1478 ad
362 1420 646 1492 praedictae
687 1417 1026 1491 Thaeologiae
1068 1417 1506 1490 intelligentiam
1548 1418 1913 1479 manuducat.

347 1516 498 1584 Quin
539 1523 594 1574 et
633 1515 811 1588 ipsius
852 1529 1085 1587 quoque
1125 1515 1328 1574 mundi
1361 1515 1718 1587 aspectabilis
1746 1515 1960 1576 fabrica

261 1614 648 1674 invisibilibus
687 1613 792 1672 Dei
831 1615 1078 1673 obducta
1119 1621 1235 1687 est,
1287 1614 1437 1672 sicut
1474 1615 1691 1673 Paulus
1731 1623 1786 1674 et
1829 1631 1961 1674 vera

261 1715 408 1772 ratio
449 1719 704 1772 testatur.
738 1713 1119 1781 Quamobrem
1154 1713 1327 1771 etiam
1372 1712 1639 1787 Theologi
1678 1714 1792 1773 alia
1832 1717 1960 1788 qui-

267 1815 398 1873 dem
434 1812 676 1870 civiliter
706 1811 1082 1884 legaliterque
1108 1812 1491 1884 considerant,
1519 1812 1631 1871 alia
1656 1827 1791 1872 vero
1819 1829 1961 1886 pure

262 1917 320 1968 et
361 1910 724 1980 intemerate3
759 1915 936 1981 atque
963 1907 1062 1966 illa
1089 1909 1322 1981 quidem
1362 1910 1618 1969 humano
1659 1911 1961 1985 medioque

264 2009 452 2081 modo,
495 2009 618 2067 baec
659 2015 850 2068 autem
888 2009 1349 2082 supramundiali
1376 2025 1443 2067 ae
1472 2009 1737 2082 perfecto.
1774 2009 1963 2084 Atque

267 2109 558 2167 interdum
601 2111 836 2181 quidem
863 2123 938 2166 ex
963 2109 1368 2181 apparentibus
1401 2111 1642 2184 legibuS,
1672 2111 1963 2174 interdum

267 2219 406 2265 vero
448 2222 522 2264 ex
561 2207 799 2265 occultis
839 2207 1104 2278 oraculis,
1139 2215 1309 2279 prout
1348 2209 1619 2268 subiectis
1660 2213 1833 2270 rebus
1872 2227 1962 2270 sa·

267 2305 383 2362 cris
421 2304 828 2376 mentibusque
881 2308 936 2360 et
989 2303 1195 2361 animis
1243 2306 1537 2377 congruit:
1580 2295 1767 2367 omnis
1808 2311 1964 2369 enim

268 2417 476 2475 sermo,
517 2403 618 2475 qui
661 2401 775 2459 illis
818 2401 1033 2472 ubique
1071 2402 1395 2473 propositus
1436 2410 1551 2475 est,
1592 2419 1710 2463 non
1751 2407 1965 2466 exilem

269 2502 528 2574 aliquam
567 2497 881 2572 historiam,
916 2499 1015 2557 sed
1057 2497 1340 2556 vivificam
1382 2501 1633 2560 continet
1671 2505 1967 2576 perfectio·

269 2611 424 2658 nem.
469 2599 660 2666 Quare
699 2597 870 2656 etiam
910 2611 1015 2659 nos
1056 2603 1290 2669 oportet,
1340 2599 1550 2657 omissa
1588 2601 1852 2675 populari
1893 2605 1967 2663 de

271 2698 364 2760 his
405 2697 688 2770 opinione,
731 2697 969 2769 ipsamet
1006 2711 1168 2756 sacra
1203 2697 1384 2770 signa,
1414 2713 1591 2771 saera,
1620 2701 1703 2759 uti
1732 2715 1836 2774 par
1862 2710 1966 2776 est,

271 2798 494 2856 ratione
535 2800 862 2868 penetrare,
919 2806 1109 2867 neque
1161 2796 1361 2855 eadem
1414 2797 1788 2872 inhonorare,
1831 2815 1966 2860 cum

277 2895 472 2952 nativa
510 2895 626 2952 sint
665 2899 722 2951 et
749 2905 1018 2963 expressa
1044 2908 1238 2952 rerum
1265 2895 1590 2956 divinarum
1630 2899 1967 2973 simulacra,

272 3005 388 3050 nec
440 3003 556 3050 non
609 2992 890 3064 imagines
928 2992 1244 3063 perspicuae
1287 3009 1631 3055 arcanorum
1672 3003 1728 3058 et
1767 3013 1967 3072 supra·

275 3089 629 3148 naturalium
655 3089 1128 3162 spectaculorum.
1157 3091 1383 3152 Etenim
1411 3109 1529 3154 non
1556 3095 1742 3156 solum
1769 3113 1968 3170 supra-

279 3188 705 3260 substantialia,
747 3193 804 3246 et
843 3185 1223 3259 intellectilia,
1279 3197 1336 3248 et
1388 3193 1723 3266 simpliciter
1774 3196 1969 3255 divina

281 3287 504 3346 lumina
545 3285 826 3358 symbolis
869 3286 1129 3358 figuratis
1169 3288 1553 3362 variegantur,
1597 3293 1676 3350 ut'
1699 3309 1833 3351 cum
1873 3310 1967 3353 su-

281 3386 778 3460 prasubstantialis
817 3387 972 3444 Deus
1012 3385 1161 3458 ignis
1187 3386 1414 3461 dicitur,
1442 3393 1497 3447 et
1524 3405 1653 3464 quae
1680 3392 1972 3454 intellectu

2012 1598 2243 1658 Symbola

2059 1671 2207 1718 aliter

2048 1751 2195 1802 atque

2060 1814 2210 1859 aliter

2008 1885 2251 1944 exple‘can·

2008 1958 2071 2003 da
2106 1957 2242 2005 stant.

2034 3403 2168 3452 Dent.
2198 3409 2244 3456 4,
