2667 4259
776 292 889 350 176
1253 308 1297 350 s,
1341 308 1590 351 mom-su
1633 306 2008 351 Ani-:OPAGITAE

462 422 559 467 Du·
596 421 741 465 aura·-
767 412 885 465 tem
924 407 1247 466 attribuunt
1288 408 1590 481 Theologi‚
1631 415 1920 480 vocantes,
1964 414 2032 466 ut
2071 408 2336 479 arbitror,
2379 410 2478 467 bo-

499 493 689 535 butum.
768 507 1005 563 nitatem
1049 506 1231 577 ipsam
1274 506 1578 567 essentiam
1627 506 1903 577 divinam,
1945 506 2263 564 divinitatis
2305 506 2328 527 ⁴¹
2370 508 2481 565 ori·

486 604 507 623 ⁸
548 604 740 650 scilieet
770 605 991 676 ginem:
1036 611 1091 660 et
1132 604 1270 675 quia
1310 604 1393 661 sic
1434 603 1679 660 essentia
1713 618 1820 660 sua
1855 605 2045 661 bonus
2087 609 2173 660 est
2211 604 2388 675 DeuS,
2418 612 2482 661 ut

461 680 741 803 ἷξζξζξὶιξῗ
769 708 1046 772 tanquam
1096 700 1473 758 substantiale
1523 702 1775 773 bonum,
1827 702 2140 758 bonitatem
2185 702 2244 757 in
2289 702 2484 759 omnia

552 819 632 862 ιω.
766 799 1035 875 porrigat.
1081 799 1583 867 Quemadmodum
1625 799 1780 856 enim
1835 797 1932 855 Sol
1986 798 2084 855 ille
2127 804 2322 855 noster
2363 814 2483 857 non

770 895 1109 965 cogitatione
1150 901 1249 950 aut
1290 894 1608 966 voluntate,
1650 895 1751 951 sed
1793 909 1859 950 eo
1902 894 2027 966 ipso
2071 894 2228 965 quod
2269 901 2372 966 est,
2416 895 2482 951 il-

768 989 1015 1046 luminat
1055 992 1326 1048 universa
1370 1006 1501 1063 quae
1543 1005 1781 1063 quoquo
1816 992 1984 1049 modo
2013 991 2316 1065 lucisejus
2343 1000 2484 1051 sunt
2566 998 2573 1002 “

768 1087 1026 1159 capacia:
1070 1088 1154 1145 sic
1196 1088 1370 1145 etiam
1413 1090 1606 1161 ipsum
1647 1089 1866 1147 bonum
1912 1086 2110 1161 (quod
2155 1104 2273 1147 non
2315 1106 2482 1149 secus

766 1188 999 1255 praestat
1022 1184 1129 1242 soli
1158 1200 1335 1257 quam
1365 1186 1640 1255 primaeva
1667 1186 1884 1256 speeies
1912 1186 2149 1257 imagini
2179 1187 2479 1263 obscurae)

766 1281 1009 1352 ipsamet
1047 1282 1370 1339 substantia
1411 1298 1546 1352 sua,
1589 1284 1762 1339 rebus
1803 1281 2094 1354 omnibus,
2135 1297 2240 1353 pro
2283 1286 2478 1363 cujus-

480 1396 707 1440 Bom’taee
766 1391 881 1448 que
922 1384 1110 1449 captu,
1152 1379 1327 1435 totius
1370 1379 1639 1436 bonitatis
1681 1390 1803 1437 suae
1841 1379 2034 1436 radios
2075 1380 2344 1439 affundit.
2382 1382 2492 1457 His:

456 1468 552 1512 1²⁶5
570 1466 739 1548 emnia
767 1476 1145 1533 constiterunt
1186 1490 1386 1533 omnes
1429 1476 1788 1533 intellectiles
1813 1490 1882 1532 ac
1914 1476 2303 1548 intelligentes
2345 1480 2478 1536 sub·

457 1542 741 1583 consistunt
766 1576 1017 1646 stantiae,
1062 1582 1116 1631 et
1158 1576 1428 1646 virtuteS,
1479 1582 1534 1631 et
1583 1576 1942 1646 operationes
1953 1591 1971 1646 3
2015 1575 2225 1632 horum
2269 1578 2480 1635 virtute

767 1680 922 1745 sunt,
950 1674 1244 1744 vitamque
1271 1674 1484 1730 habent
1519 1672 1926 1743 sempiternam
1955 1679 2010 1729 et
2037 1674 2478 1747 indeficientem,

766 1772 841 1829 ab
882 1771 1039 1829 omni
1082 1771 1448 1843 corruptione
1489 1784 1556 1826 ac
1597 1776 1810 1840 morte,
1855 1776 1909 1827 et
1950 1770 2192 1827 materia
2240 1786 2477 1843 genera-

768 1870 1039 1939 tioneque
1080 1868 1290 1937 liberae,
1320 1880 1430 1923 nec
1455 1881 1575 1923 non
1603 1868 1676 1924 ab
1711 1866 1964 1924 instabili
2007 1866 2306 1941 fluxaque,
2350 1885 2480 1941 quae

694 1990 701 1999 ·
768 1967 831 2023 in
872 1964 1096 2022 diversa
1138 1963 1519 2020 diversimode
1553 1963 1738 2020 fertur
1765 1965 2186 2034 permutatione
2227 1974 2478 2039 semotae,

769 2069 824 2119 et
866 2068 1140 2131 tanquam
1183 2060 1534 2130 incorporeae
1585 2067 1639 2120 et
1691 2062 2099 2134 immateriales
2145 2062 2477 2137 intelligun-

768 2166 882 2229 tur,
912 2164 967 2215 et
994 2163 1059 2214 ut
1086 2161 1307 2215 mentes
1341 2156 1892 2227 supermundialiter
1919 2158 2276 2231 intelligunt,
2305 2167 2480 2235 atque

766 2256 1013 2327 propriis
1064 2270 1260 2313 rerum
1310 2254 1632 2313 rationibus
1685 2255 2050 2313 illustrantur
2061 2274 2080 2329 3
2123 2271 2481 2331 rursumque

768 2356 830 2413 in
873 2370 939 2412 ea
981 2370 1111 2427 quae
1152 2350 1267 2412 illis
1308 2359 1550 2426 cognata
1589 2358 1728 2411 sunt
1767 2368 1876 2411 sua
1915 2369 2160 2412 munera
2195 2355 2476 2417 derivant.

767 2454 1122 2512 Mansionem
1164 2451 1398 2522 quoque
1439 2466 1472 2507 a
1515 2451 1766 2507 bonitate
1812 2450 2056 2508 habent:
2103 2454 2245 2523 quin
2276 2461 2346 2513 ‘et
2387 2470 2478 2515 ea-

698 2534 707 2541 ’
768 2566 901 2609 rum
944 2550 1185 2607 firmitas
1224 2549 1378 2617 hinc,
1411 2544 1478 2614 ‘et
1519 2547 1816 2616 stabilitaS,
1861 2553 1917 2603 et
1959 2550 2333 2623 conservatio,
2380 2554 2478 2611 bo-

769 2663 1097 2719 norumque
1136 2644 1416 2717 pabulum
1458 2644 1668 2713 pendet
1678 2659 1698 2715 3
1729 2650 1784 2699 et
1812 2644 1952 2702 dum
1980 2647 2139 2704 illam
2169 2649 2475 2722 appetunt,

766 2754 885 2805 tam
929 2752 993 2803 ut
1033 2738 1164 2811 sint,
1208 2755 1381 2812 quam
1427 2745 1490 2795 ut
1532 2740 1678 2796 hene
1719 2741 1851 2812 sint,
1888 2744 2164 2815 obtinent,
2207 2760 2316 2811 nec
2359 2764 2477 2807 non

766 2846 871 2915 illi,
902 2824 1183 2915 quantum
1228 2840 1311 2895 fas
1354 2843 1456 2906 est,
1499 2838 1952 2911 conformantur,
1981 2841 2156 2913 a'tque
2182 2844 2320 2903 boni
2349 2862 2475 2921 spe-

766 2942 912 3015 ciem
954 2953 1073 3011 prae
1114 2951 1174 2995 se
1216 2936 1426 3003 serunt,
1470 2941 1544 3004 et,
1579 2933 1750 3005 ,iuxta
1790 2935 1932 3019 legis
1981 2937 2288 3011 dictamen,
2333 2943 2473 3003 infe-

763 3039 943 3095 riores
986 3049 1120 3091 suos
1155 3033 1440 3089 donorum
1469 3046 1541 3090 ex
1569 3047 1797 3093 summo
1825 3036 1976 3093 bono
2003 3040 2475 3108 promanantium

744 3134 1067 3208 ⁶participes
1107 3129 1373 3187 reddunt.
1715 3115 1721 3122 ’

455 3280 498 3327 A
520 3213 737 3327 ξὸηζὲω
784 3247 795 3257 ‘
844 3232 983 3288 Inde
1024 3229 1139 3287 illis
1178 3229 1408 3286 ordines
1445 3229 1961 3301 supermundiales
1992 3246 2193 3290 earum
2229 3233 2384 3293 inter
2409 3249 2474 3294 se

472 3359 545 3397 ,η
585 3352 716 3399 (mu-
766 3326 1217 3403 conjunctiones,
1245 3333 1464 3385 mutuae
1491 3328 1898 3399 susceptiones
1927 3327 2250 3391 inconfusae
2276 3333 2474 3411 distin-
