2667 4259
756 300 833 359 88
1150 328 1155 335 ·
1236 312 1281 355 s,
1326 312 1571 355 monrsn
1615 310 1988 355 Ausommm:

754 423 929 476 tatem
949 459 967 487 ,
1030 412 1139 473 hoc
1206 429 1344 472 vero
1404 422 1742 487 praesentem
1812 411 2226 473 demonstravit
2245 458 2264 487 ‚
2309 400 2473 474 ⁷cum

754 513 1190 589 praedictionum
1230 511 1358 585 eius
1385 513 1681 571 veritatem
1722 513 1960 571 eftectus
1999 512 2178 586 hujus
2205 526 2473 584 compro·

752 615 943 688 bavit,
982 613 1429 696 divinorumque
1475 626 1812 673 sermonum
1865 612 2119 685 operatio
2157 611 2356 671 divina
2395 612 2476 671 sit

514 816 563 871 ί·
602 814 651 871 6·
752 726 1223 881 sugtlgfflquidcm
1249 808 1462 869 horum
1489 808 1992 867 sacramentorum
2019 806 2251 880 penitus
2276 807 2475 887 ignari

441 886 672 1015 9355,ss
691 968 723 999 a
752 914 906 980 sunt,
948 908 1034 967 illi
1074 923 1149 967 ne
1189 910 1471 982 imagines
1513 907 1748 980 quidem
1791 914 2068 979 cernunt,
2099 906 2256 978 quod
2297 908 2472 965 nimi-

445 1024 727 1082 ιὀηοωῡὶιι·
752 1018 885 1064 rum
926 1004 1291 1076 impudenter
1328 1004 1642 1064 salutarem
1695 1004 1905 1063 divinae
1947 1004 2332 1077 generationis
2381 1004 2470 1063 dl·

496 1094 672 1142 sacrae
750 1102 1053 1174 sciplinam
1078 1103 1402 1175 repudient,
1429 1102 1807 1175 Eloquiisque
1833 1103 2012 1161 sacris
2037 1102 2278 1161 exitiose
2303 1116 2470 1175 pror·

438 1172 723 1288 ῒέᾗῖαἶῖ
750 1216 851 1261 sus
892 1202 1260 1283 obstrepant,
1322 1201 1452 1259 Vias
1505 1204 1646 1259 tuas·
1685 1201 1830 1260 scire
1873 1202 2017 1259 nolo.
2078 1201 2256 1258 Porro
2305 1200 2470 1259 cate·-

485 1312 535 1351 et
568 1305 681 1387 ⁹31st
748 1298 1065 1358 chumenos
1104 1304 1161 1357 et
1200 1311 1652 1371 energumenos,
1707 1314 1924 1370 eosque
1979 1298 2084 1371 qui
2129 1298 2472 1370 poenitentia

440 1375 563 1421 ⁰r‘¹⁰
590 1382 726 1421 ''m''
748 1397 1073 1471 ducuntur,
1116 1403 1494 1464 sacrosanctae
1534 1396 1880 1456 Hierarchiae
1919 1412 2044 1455 mos
2085 1396 2300 1467 patitur
2337 1398 2469 1467 qui-

404 1477 411 1486 *
518 1444 647 1507 atros,
747 1496 881 1555 dem
918 1497 1123 1557 audire
1160 1511 1386 1578 sacram
1425 1495 1821 1569 psalmodiam,
1863 1494 2237 1567 divinamque
2277 1508 2468 1553 sacra·

748 1608 883 1653 rum
925 1593 1358 1667 scripturarum
1397 1593 1792 1679 recitationem·
1801 1609 1822 1665 3
1864 1607 2070 1651 verum
2111 1592 2185 1650 ad
2226 1606 2294 1651 ea
2335 1607 2470 1664 quae
2565 1670 2576 1679 ἢ

748 1691 1017 1764 deinceps
1054 1696 1386 1765 sequuntur
1427 1688 1719 1749 sacrificia
1767 1688 2208 1762 spectaculaque
2247 1702 2468 1762 nequa-

748 1800 927 1860 quam
954 1788 1059 1846 hos
1086 1795 1382 1860 convocat,
1401 1788 1502 1845 sed
1529 1788 1806 1860 perfectos
1834 1788 2218 1859 perfectorum
2243 1784 2466 1846 oculos.

747 1886 851 1943 Est
890 1886 1047 1944 enim
1099 1884 1406 1943 Deirormis
1457 1883 1556 1942 ille
1609 1884 1748 1942 ordo
1799 1898 1962 1942 sacer
2002 1891 2213 1943 sanctae
2251 1883 2486 1955 plenus·

742 1982 1001 2055 iustitiae,
1028 1995 1139 2039 nec
1164 1995 1283 2039 non
1311 1978 1622 2038 salubriter
1647 1982 1860 2053 cuique
1887 1989 2332 2061 consentaneam
2358 1998 2467 2056 pro

748 2076 954 2137 merito
996 2075 1283 2150 cuiusque
1300 2126 1306 2130 .
1324 2089 1522 2136 rerum
1563 2077 1894 2136 divinarum
1934 2078 2136 2139 tribuit
2161 2080 2464 2153 participa.

749 2175 983 2247 tionem,
1026 2180 1081 2232 et
1118 2174 1288 2247 juxta
1314 2158 1549 2247 captum
1575 2176 1933 2249 modumque
1960 2177 2326 2251 singulorum
2355 2194 2466 2239 suo

748 2259 1003 2345 tempore
1042 2280 1237 2359 sancte
1276 2256 1556 2331 concedit.
1586 2273 1670 2332 Ac
1704 2279 2030 2347 postremus
2057 2274 2291 2346 quidem
2321 2276 2468 2335 ordo

749 2371 1187 2431 catechumenis
1212 2372 1466 2431 tributus
1486 2379 1590 2445 est,
1611 2374 1766 2445 quod
1794 2379 2019 2431 exortes
2047 2374 2162 2432 sint
2189 2361 2244 2431 et
2271 2373 2467 2445 ignari

750 2469 937 2528 omnis
978 2470 1355 2528 Hierarchicae
1393 2471 1774 2543 perfectionis»,
1817 2485 2008 2543 neque
2049 2472 2190 2528 dum
2230 2485 2336 2543 per
2374 2472 2464 2530 di*

673 2625 686 2638 ,
748 2568 944 2623 vinam
986 2564 1342 2623 nativitatem
1383 2566 1644 2623 divinum
1671 2572 1885 2623 statum
1911 2568 2177 2639 assecuti,
2205 2572 2463 2641 paternis

748 2664 939 2736 adhuc
978 2663 1226 2745 eloquiis
1254 2664 1575 2734 foveantur,
1601 2663 1959 2735 vivificisque
2001 2666 2196 2723 formis
2225 2667 2298 2725 ad
2327 2668 2462 2725 bear

746 2767 873 2819 tum
913 2760 1102 2831 illum,
1144 2759 1245 2831 qui
1286 2772 1362 2815 ex
1401 2758 1598 2817 divina
1637 2762 2003 2832 generatione
2043 2764 2458 2838 proficiscitur,

745 2857 878 2915 vitae
917 2857 1181 2928 lucisque
1234 2856 1554 2928 principem
1605 2870 2004 2930 progressum,
2061 2861 2460 2923 efformentur.

492 2971 669 3017 Enem-
748 2953 1247 3037 Quemadmodum
1288 2952 1484 3023 itaque
1525 2955 1784 3013 carnales
1825 2956 2009 3031 liberi,
2049 2958 2101 3015 si
2142 2959 2462 3031 imperfecti

494 3042 655 3115 phun.
746 3057 802 3111 et
843 3050 1145 3122 informes,
1186 3050 1506 3109 obstetricis
1546 3066 1688 3110 cura
1727 3054 2012 3128 destituti,
2053 3062 2188 3115 ante
2227 3064 2462 3131 tempus

747 3145 1033 3217 excidant,
1074 3153 1140 3205 ut
1178 3146 1424 3205 abortivi
1466 3156 1530 3229 et,
1561 3151 1816 3223 abortuS,
1857 3153 2171 3233 nativitatis
2211 3169 2281 3212 ac
2323 3156 2460 3216 vitae

746 3244 1011 3318 lucisque
1050 3252 1305 3307 exortem
1324 3242 1328 3247 ’
1346 3246 1408 3307 in
1448 3254 1661 3309 terram
1707 3236 1936 3323 lapsum
1987 3251 2238 3311 habituri
2279 3260 2456 3313 suntz

749 3357 939 3417 neque
979 3342 1288 3418 quisquam
1328 3344 1434 3427 qui
1459 3354 1612 3408 recte
1645 3346 1926 3421 iudicabit
1952 3346 2010 3409 id
2037 3350 2194 3424 quod
2220 3359 2459 3425 apparot
