2667 4259
843 320 957 381 195
1139 318 1162 335 ⁸
1318 338 1363 381 S.
1408 337 1652 383 momen
1695 337 2072 381 Anum-Amne

842 458 909 501 ea
950 456 1081 515 quae
1124 418 1592 517 raeit)',quonam
1633 448 1796 515 paeto
1837 443 1944 499 erit
1985 441 2200 501 malum
2243 442 2305 499 in
2347 456 2550 501 rerum

841 549 1069 612 natura,
1112 540 1202 598 vel
1244 542 1478 599 omnino
1517 541 1724 599 existat
1751 540 2100 612 eiuscemodi
2126 538 2260 600 honi
2288 543 2551 613 appetitu

555 654 799 714 Quidquid
844 640 1221 701 destitutum?
1262 642 1432 697 Enim
1474 655 1612 699 vero
1651 640 1700 697 si
1741 655 1832 696 res
1875 655 2073 698 omnes
2115 656 2189 697 ex
2229 642 2382 698 bono
2413 642 2553 713 sint,

538 735 612 773 ‘⁸²
634 728 815 771 ⁶⁰²mm
842 742 1180 818 bonumque
1220 740 1293 797 sit
1334 754 1510 813 supra
1549 754 1639 796 res
1681 739 1850 810 ipsam,
1880 738 1937 795 id
1965 738 2120 810 quod
2147 753 2266 797 non
2295 746 2400 810 est,
2427 738 2554 811 jan

614 806 742 863 βδεῖ.

810 902 813 905 ,
845 839 907 901 in
949 840 1099 896 hono
1140 844 1255 909 est,
1298 837 1516 895 malum
1559 852 1692 897 vero
1734 852 2103 909 nequaquam
2131 842 2218 894 est
2228 853 2248 907 3
2287 824 2558 909 alioquin

762 964 767 967 ·
846 954 965 997 non
1006 944 1093 995 est
1132 938 1301 1009 plane
1341 938 1594 1008 malum,
1637 954 1744 996 nee
1785 938 1844 995 id
1882 938 2038 1008 quod
2088 952 2206 995 non
2246 944 2361 1008 est3
2405 938 2558 996 nihil

848 1038 1003 1093 enim
1044 1036 1151 1096 erit
1192 1037 1253 1093 id
1291 1037 1446 1107 q-uod
1489 1038 1722 1095 omnine
1763 1052 1883 1094 non
1921 1044 2035 1107 est,
2079 1036 2194 1093 nisi
2229 1038 2558 1095 seeundum

846 1138 1085 1194 modum
1128 1137 1456 1207 quemdam
1517 1136 2051 1209 supraess'entialem
2109 1137 2166 1191 in
2221 1136 2372 1193 bono
2432 1152 2560 1193 esse

750 1236 759 1241 ’
850 1236 1090 1293 dicatur.
1134 1236 1360 1291 Bonum
1403 1234 1578 1307 igitur
1617 1234 1755 1307 erit,
1799 1242 1852 1291 et
1893 1250 1960 1292 eo
2003 1235 2157 1305 quod
2182 1236 2422 1291 omnino
2453 1243 2558 1305 est,

852 1341 909 1392 et
948 1349 1015 1391 eo
1057 1334 1217 1407 quod
1251 1348 1370 1392 non
1411 1340 1528 1406 est,
1568 1334 1752 1392 multo
1801 1334 1962 1405 prius
2002 1339 2057 1390 et
2097 1334 2362 1404 superius
2403 1334 2560 1391 loea-

853 1440 997 1491 tum.
1040 1433 1255 1491 Malum
1296 1440 1490 1491 autem
1530 1448 1638 1490 nee
1677 1434 1738 1489 in
1781 1433 1848 1502 iis
1891 1439 1977 1489 est
2017 1446 2148 1503 quae
2175 1438 2328 1501 sunt,
2357 1433 2558 1489 necin

856 1533 925 1591 iis
968 1548 1097 1603 quae
1137 1546 1255 1591 non
1294 1538 1468 1603 sunt,
1511 1532 1610 1589 sed
1649 1547 1716 1589 eo
1758 1512 1930 1589 etiam
1959 1531 2114 1602 quod
2153 1545 2269 1587 non
2312 1538 2426 1601 est,
2469 1546 2557 1589 re·

856 1632 1069 1691 motius
1112 1636 1199 1689 est
1238 1646 1273 1689 a
1314 1632 1482 1704 hone,
1512 1638 1806 1701 tamquam
1834 1632 2088 1687 alienum
2116 1645 2181 1687 ae
2210 1628 2406 1686 minus
2437 1646 2556 1687 ensi

857 1732 1020 1789 Unde
1063 1730 1237 1802 igitur
1277 1736 1362 1787 est
1402 1729 1669 1788 malum?
1709 1730 1858 1787 dicet
1882 1729 2107 1799 aliquis.
2153 1728 2214 1785 Si
2253 1730 2410 1787 enim
2440 1745 2558 1786 ma·

858 1829 983 1886 lum
1023 1844 1140 1887 non
1183 1837 1295 1899 est,
1340 1830 1524 1887 virtus
1567 1837 1620 1886 et
1663 1830 1865 1885 vitium
1908 1828 2056 1885 idem
2099 1837 2234 1885 sunt
2279 1826 2301 1898 ε
2321 1844 2558 1900 propor-

859 1930 1012 1985 tione
1054 1929 1267 1987 seilicet
1308 1928 1483 1985 totius
1524 1929 1596 1986 ad
1639 1934 1840 2000 totum,
1883 1935 1938 1984 et
1979 1928 2154 1999 partis
2191 1928 2266 1983 ad
2289 1930 2560 1999 partem)

860 2034 960 2085 aut
1001 2027 1199 2084 saltem
1228 2026 1289 2109 id
1314 2026 1470 2097 quod
1502 2026 1697 2083 virtuti
1735 2032 2012 2098 repugnat
2039 2040 2156 2083 non
2185 2026 2290 2083 erit
2319 2025 2561 2082 malum.

576 2136 815 2183 t'irmtem
861 2124 1037 2195 Atqui
1079 2124 1364 2181 contraria
1401 2131 1538 2181 sunt
1579 2126 1953 2195 temperantia
1993 2132 2048 2182 et
2089 2125 2563 2196 intemperantia,

552 2219 603 2259 (ἲ
632 2212 830 2259 ‘’f““m³
856 2222 1080 2295 justitia
1120 2228 1173 2281 et
1213 2223 1512 2295 injustitia.
1539 2224 1737 2295 Neque
1779 2238 1920 2283 vero
1953 2224 2078 2281 dieo
2119 2224 2248 2281 illas
2275 2238 2400 2281 esse
2428 2240 2568 2281 eon·

576 2286 763 2329 bomtm·
776 2286 823 2321 et

600 2353 788 2399 malum

863 2323 1083 2394 trariaS,
1126 2324 1187 2379 in
1227 2329 1514 2393 quantum
1554 2323 1836 2395 prodeunt
1864 2338 1898 2379 a
1919 2323 2076 2395 justo
2103 2330 2156 2381 et
2183 2323 2416 2395 injuste,
2448 2330 2568 2380 eta

558 2426 834 2507 contraria·
867 2428 1216 2493 temperante
1256 2428 1436 2492 atque
1472 2421 1900 2493 intemperante,
1945 2438 2146 2479 verum
2187 2423 2362 2479 etiam
2399 2423 2567 2492 prius

664 2508 729 2541 no

866 2536 1038 2593 quam
1082 2522 1189 2577 viri
1234 2520 1395 2591 probi
1422 2517 1494 2579 ab
1523 2520 1783 2591 improbo
1809 2520 2188 2591 discrepantia
2225 2520 2364 2577 foris
2392 2535 2564 2591 appa-

866 2625 1005 2691 reat,
1041 2620 1161 2692 jam
1192 2620 1250 2677 in
1289 2620 1412 2691 ipso
1439 2619 1631 2676 animo
1659 2633 1693 2676 a
1721 2619 2028 2677 virtutihus
2055 2618 2192 2679 vitia
2218 2618 2566 2691 discrepant,

794 2770 799 2779 .
868 2725 922 2777 et
949 2732 984 2775 a
1010 2718 1229 2775 ratione
1268 2717 1543 2774 dissident
1585 2717 2059 2789 perturbatione53
2089 2724 2437 2789 quapropter
2467 2732 2563 2774 ne-

869 2800 1110 2875 ce‘ssario
1152 2815 1580 2873 eoncedendum
1609 2822 1709 2887 est,
1739 2816 1957 2875 malum
1987 2816 2220 2887 aliquod
2259 2830 2385 2873 esse
2412 2817 2565 2872 bono

870 2912 1237 2971 contrarium.
1266 2913 1464 2985 Neque
1493 2914 1650 2971 enim
1687 2914 1796 2971 sibi
1835 2915 2050 2973 bonum
2079 2913 2440 2970 contrarium.
2463 2920 2568 2982 est,

868 3012 969 3067 sed
1009 3017 1074 3067 ut
1113 3011 1187 3069 ab
1241 3026 1358 3069 uno
1411 3010 1690 3083 principio
1742 3025 1974 3083 unaque
2027 3025 2198 3069 eausa
2246 3011 2568 3081 profectum

870 3110 1289 3181 communione,
1332 3111 1751 3184 conj-unctione,
1780 3112 2142 3182 amicitiaque
2183 3111 2414 3182 gaudet.
2459 3111 2566 3166 Ne-

873 3190 987 3279 que
1027 3209 1194 3267 etiam
1251 3190 1444 3270 minus
1499 3211 1715 3267 bonum
1769 3209 1970 3282 majori
2025 3209 2385 3267 adversatur:
2433 3209 2573 3279 quia

873 3322 1063 3379 neque
1090 3308 1146 3385 id
1174 3308 1329 3380 quod
1369 3309 1564 3367 minus
1591 3308 1836 3369 calidum
1875 3314 1975 3365 aut
2001 3307 2270 3379 frigidum
2314 3312 2418 3376 est,
2450 3322 2570 3363 ma-

876 3408 961 3477 gis
1002 3407 1184 3466 calido
1224 3406 1500 3481 frigidm-e
1529 3407 1922 3467 contrariatur.
1952 3408 2052 3465 Est
2081 3407 2252 3479 igitur
2281 3406 2340 3461 in
2371 3419 2570 3461 rerum
