2667 4259
776 275 893 337 228
1256 290 1299 339 S.-
1345 290 1592 331 moxrsn
1635 286 2008 332 Antoninian

514 409 704 453 dis-atur
773 399 876 463 cst,
902 392 1001 449 sed
1030 392 1167 463 quia
1192 406 1396 449 causas
1437 392 1694 453 omnium
1739 393 1800 448 in
1825 406 1888 449 se
1914 392 2036 463 ipso
2064 389 2083 411 ³
2111 390 2478 449 uniformiter

493 550 511 567 ,
538 483 689 595 {3²12
772 490 1117 561 anticipavit,
1159 496 1215 547 et
1254 476 1391 561 qnia
1429 505 1532 562 per
1571 490 1763 547 omnia
1801 496 1979 561 meat,
2020 488 2362 561 pet-vadem,
2409 496 2478 545 ut

492 622 597 666 „m
623 582 726 666 ηυξ,
771 590 851 646 ait
892 588 1209 661 Scriptura,
1248 604 1440 661 usque
1477 590 1548 647 ad
1591 589 1766 646 finem
1821 589 2106 655 omnium:
2151 594 2206 645 et
2243 589 2474 659 potissi-

514 705 707 774 013131110·
774 702 933 745 mum
948 732 965 759 ,
1008 689 1145 759 quia
1186 689 1346 746 Ratio
1399 690 1501 746 Dei
1535 702 1726 760 supra
1780 701 2005 745 omnem
2049 686 2473 759 simplicitatem

484 772 707 891 ‘gggff'ss’j
772 786 1015 857 simplex
1056 793 1157 858 est,
1186 795 1241 844 et
1268 788 1342 845 ab
1370 788 1639 845 omnibus
1677 801 1855 859 supra
1895 787 2104 859 omnia,
2133 800 2310 857 supra
2333 788 2473 843 sub-

496 906 705 952 fertum
773 885 1039 942 stantiam
1092 884 1370 943 absoluta.
1427 886 1589 943 Ratio
1643 884 1766 943 haec
1820 884 2066 957 simplex
2105 891 2189 941 aet
2229 898 2298 941 ac
2341 897 2476 941 vere

542 972 651 1061 ‘¹³2⁸
772 982 1021 1040 existens
1048 984 1269 1055 veritas,
1301 983 1452 1041 circa
1479 998 1672 1057 quam,
1699 990 1766 1040 ut
1793 988 2081 1055 puram'et
2110 981 2470 1039 infallibilem

472 1047 748 1164 υζζζῖζζεῖ,
772 1081 1172 1139 universorum
1212 1083 1502 1141 notionem
1517 1110 1544 1153 ,0
1577 1084 1718 1143 fides
1771 1083 1964 1141 divina
2003 1088 2294 1155 versatur,
2337 1096 2476 1152 quae

552 1190 668 1247 fidei
774 1186 859 1237 est
898 1186 1167 1238 constans
1205 1178 1463 1239 fidelium
1505 1180 1932 1239 firmamentum
1961 1181 2208 1238 fundans
2251 1179 2381 1237 illos
2411 1181 2476 1237 in

526 1260 699 1379 Γωῑὲῗ·
776 1278 1026 1349 veritate,
1067 1285 1241 1349 atque
1272 1258 1341 1337 ¹in
1384 1278 1520 1350 ipsis
1551 1280 1864 1350 veritatem,
1893 1280 2031 1335 dum
2059 1277 2472 1336 indissuasibili

494 1346 604 1379 men
662 1346 729 1380 m.
778 1376 1088 1435 idemtitate
1106 1378 1424 1449 simplicem
1452 1378 1704 1435 veritatis
1733 1378 2114 1450 cognitionem
2144 1377 2355 1435 babent
2386 1391 2474 1434 re-

779 1489 911 1532 rum
946 1476 1378 1534 credendarum.
1415 1477 1560 1534 Nam
1590 1476 1638 1533 si
1671 1465 1916 1548 cognitio
1937 1490 2027 1534 res
2049 1476 2304 1547 cognitas
2340 1486 2476 1533 cum

780 1574 1254 1646 cognoscentibus
1276 1575 1420 1645 unit,
1439 1575 1718 1647 ignoratio
1736 1588 1872 1631 vero
1893 1575 2176 1647 ignoranti
2198 1589 2370 1633 causa
2391 1581 2478 1631 est

782 1678 846 1728 ut
886 1686 1109 1744 semper
1145 1670 1346 1745 inutet,
1387 1681 1558 1744 atque
1600 1690 1634 1730 a
1673 1675 1858 1747 seipso
1883 1674 2179 1745 discrepet,
2209 1688 2342 1731 eum
2371 1674 2476 1745 qui

781 1771 958 1829 cre-dit
986 1772 1047 1828 in
1084 1772 1329 1843 veritate,
1353 1772 1522 1844 juxta
1550 1772 1918 1844 scripturam,
1947 1772 2092 1829 nihil
2120 1787 2154 1829 a
2179 1786 2314 1831 vero
2343 1772 2476 1830 fidet

781 1871 1153 1949 fundamento
1194 1874 1530 1944 dimovebit,
1573 1875 1636 1931 in
1675 1888 1790 1945 quo
1831 1852 2208 1931 constantiam
2247 1873 2477 1930 habebit

782 1970 1098 2031 immobilis·
1129 1978 1185 2028 et
1224 1971 1598 2029 immutabilis
1637 1972 1980 2030 idemtitatis.
2017 1973 2200 2029 Probe
2227 1985 2479 2041 namque

781 2068 941 2125 novit
980 2069 1244 2139 quisquis
1284 2069 1483 2127 unitus
1509 2075 1593 2127 est
1619 2057 1859 2140 veritati,
1889 2085 2063 2140 quam
2105 2072 2250 2127 bene
2291 2086 2352 2127 se
2377 2070 2479 2127 ha·

782 2167 929 2237 beat,
970 2167 1233 2239 quamvis
1272 2182 1408 2226 eum
1447 2166 1614 2225 multi
1652 2175 1718 2225 ut
1757 2175 2042 2239 amentem
2079 2174 2352 2241 arguant:
2399 2168 2478 2224 la·

783 2272 864 2323 tet
898 2267 1056 2323 enim
1098 2266 1245 2338 illos,
1288 2268 1370 2325 uti
1411 2282 1514 2339 par
1554 2274 1666 2340 est,
1710 2283 1842 2331 eum
1885 2283 1988 2339 per
2027 2282 2174 2325 verae
2208 2267 2344 2329 fidei
2388 2282 2478 2324 ve-

782 2366 1007 2429 ritatem
1046 2380 1121 2423 ex
1160 2380 1352 2425 errore
1390 2368 1724 2439 excessiss03
1769 2368 1890 2438 ipse
1927 2373 2120 2425 autem
2159 2381 2294 2424 vere
2320 2367 2480 2424 novit

784 2481 864 2537 se,
906 2480 1023 2523 non
1064 2462 1154 2540 (ut
1194 2465 1279 2523 illi
1318 2464 1672 2540 fabulantur)
1703 2465 1970 2535 insanire,
1997 2465 2096 2521 sed
2124 2464 2196 2521 ah
2227 2464 2481 2522 instabili

783 2564 1163 2635 mutabilique
1214 2564 1539 2623 omnimode
1591 2563 1834 2621 errantis
1853 2586 1866 2611 x
1887 2562 2175 2619 varietatis
2227 2563 2483 2619 motione

783 2678 886 2737 per
922 2663 1257 2735 simplicem,
1296 2663 1449 2721 circa
1489 2663 1686 2720 eadem
1725 2676 1949 2733 semper
1989 2667 2044 2718 et
2084 2661 2282 2720 eodem
2311 2662 2482 2719 modo

784 2778 847 2821 se
886 2762 1216 2835 habentem,
1266 2762 1560 2819 veritatem
1613 2776 1738 2819 esse
1785 2760 2106 2819 liberatum.
2150 2760 2268 2817 Hoc
2309 2762 2481 2817 modo

784 2862 954 2935 primi
995 2862 1203 2920 divinae
1254 2844 1546 2931 sapientiae
1597 2860 1780 2919 nostri
1829 2866 2204 2933 praeoptares
2241 2874 2346 2931 pro
2385 2874 2481 2941 νεῖ

750 2960 950 3021 ‚ritate
990 2961 1242 3031 quotidie
1282 2959 1628 3031 moriuntur,
1669 2956 2054 3029 testificantes,
2097 2958 2182 3015 uti
2221 2970 2326 3030 par
2367 2963 2482 3021 est,

784 3064 843 3115 et
868 3072 1133 3117 sermone
1170 3063 1224 3115 et
1264 3071 1434 3129 opere
1460 3056 1810 3129 singularem
1839 3057 1996 3113 illam
2025 3056 2358 3115 Christianae
2389 3070 2480 3113 ve-

786 3158 969 3215 ritatis
1008 3157 1373 3230 agnitionem,
1403 3158 1664 3214 omnium
1690 3170 1811 3215 esse
1839 3170 1972 3214 cum
1999 3154 2482 3227 simplicissimam

787 3264 911 3313 tum
940 3256 1369 3327 divinissimam,
1394 3256 1508 3314 imo
1535 3256 1723 3327 potius
1749 3256 1896 3315 hanc
1923 3255 2102 3341 solam
2135 3269 2256 3314 esse
2283 3267 2483 3311 veram

747 3352 753 3361 '
788 3362 959 3428 atque
1000 3356 1229 3417 unicam
1270 3356 1584 3430 simplicem
1625 3356 1725 3414 Dei
1767 3355 2044 3414 notitiam.
