2667 4259
812 326 924 391 138
967 308 975 317 ⁴
1281 347 1329 390 S.
1371 344 1616 389 nlonrsn
1657 344 2034 389 Auroram-m

808 465 947 509 sone
986 448 1239 522 affirmo,
1281 450 1556 523 perutiles
1595 465 1719 508 esse
1759 448 1816 507 in
1859 450 1970 507 hac
2008 446 2124 506 vita
2165 444 2510 508 Sanctorum

810 562 1024 621 preeeS,
1068 548 1237 606 modo
1279 548 1411 620 quis
1451 561 1746 606 sacrorum
1771 560 2082 605 munerum
2112 547 2394 606 desiderio
2423 548 2512 606 in-

810 662 1035 719 censuS,
1072 654 1129 705 et
1168 648 1241 705 ad
1280 663 1350 705 ea
1387 646 1750 720 suscipienda
1790 644 1880 718 ‘pie
1919 646 2178 717 affectuS,
2213 647 2514 704 tenuitatis
2591 716 2596 721 .

809 762 931 805 suae
985 747 1279 819 consciuS,
1334 747 1527 803 virum
1583 743 1835 817 aliquem
1889 752 2152 803 sanctum
2207 746 2403 817 adeat,
2445 761 2538 803 ac-

808 852 963 918 petat
1004 852 1068 903 ut
1105 860 1171 903 se
1210 846 1460 917 adjuvet,
1489 860 1558 903 ae
1583 847 1768 902 Deum
1795 858 1900 916 pro
1939 860 2000 901 se
2041 850 2218 917 roget,
2263 858 2382 915 qua
2421 858 2511 901 ra-

810 944 963 1001 tione
1002 958 1140 1001 sane
1180 944 1502 1001 maximum
1557 958 1630 1001 ex
1661 956 1750 1001 eo
1803 943 1976 999 refert
2021 942 2509 999 emolumentum:

811 1042 1061 1112 potietur
1086 1042 1239 1098 enim
1267 1041 1458 1112 petitis
1493 1041 1660 1099 donia
1697 1040 2083 1111 divinissimiS,
2112 1040 2384 1113 religiosa
2407 1052 2511 1097 sua

813 1138 1183 1209 conscientia,
1218 1146 1550 1195 sanctorum
1577 1139 1900 1195 reverentia
1923 1144 1980 1195 et
2005 1137 2280 1196 laudabili
2309 1152 2511 1195 eorum

704 1253 708 1263 ·
814 1250 946 1309 quae
986 1238 1125 1309 petit
1164 1238 1462 1309 desiderio,
1505 1244 1562 1295 et
1602 1243 1990 1295 consentanea.
2021 1252 2088 1295 ac
2127 1236 2391 1294 deiformi
2431 1236 2509 1291 af-

583 2828 719 2881 §.az

450 2922 457 2930 -
537 2894 757 2943 Antiates

537 2975 593 3013 ut
615 2968 769 3011 inter-²

531 3051 653 3098 pres
676 3036 771 3083 Dei

814 1336 1055 1393 tectione
1094 1335 1203 1407 ipsi
1232 1324 1714 1408 suffragantibus,
1745 1336 1968 1393 Etenim
1997 1335 2206 1393 divinis
2235 1336 2293 1392 id
2321 1336 2510 1393 deere-

800 1435 888 1491 ‘tis
928 1434 1244 1491 stabilitum
1273 1442 1376 1505 est,
1407 1442 1470 1492 ut
1497 1436 1692 1492 divina
1731 1434 1982 1491 munera'
2014 1434 2106 1506 iis,
2143 1435 2245 1505 qui
2288 1448 2510 1491 eorum-

814 1534 943 1591 dem
986 1524 1416 1605 participatione
1455 1534 1613 1606 digni
1655 1540 1818 1603 sunt,
1859 1548 1928 1590 eo
1968 1545 2092 1604 quo-
2125 1532 2311 1589 Deum
2357 1533 2511 1589 decet

815 1630 1015 1689 ordine
1054 1632 1474 1690 distribuantur
1513 1632 1588 1689 ab
1627 1631 1742 1688 illis
1782 1632 1882 1703 qui
1925 1630 2126 1688 iisdem
2167 1630 2509 1689 distribuen-

816 1730 905 1788 dis
945 1738 1081 1788 sunt
1120 1732 1388 1803 praefeeti.
1439 1732 1606 1788 Hunc
1657 1710 1852 1802 itatiue
1891 1744 2120 1787 sacrum
2161 1731 2427 1788 ordinem
2466 1728 2512 1787 si

816 1830 947 1901 quis
987 1830 1301 1901 violaverit,
1328 1837 1386 1887 et
1413 1830 1624 1887 infelici
1658 1830 1900 1888 elatione
1939 1832 2226 1900 seductuS,
2271 1831 2513 1903 dignum

816 1943 877 1985 se
916 1928 1199 2000 putaverit
1239 1929 1436 1986 divina
1477 1927 1874 1999 familiaritate,
1919 1928 2272 1999 sanctosque
2319 1930 2515 2001 despe-

816 2026 982 2097 xerit,
1024 2027 1074 2083 is
1114 2033 1298 2095 certe,
1341 2026 1627 2097 siquidem
1680 2026 1944 2098 indignas
1984 2028 2100 2084 Deo
2141 2042 2207 2084 ac
2249 2028 2516 2098 profanas

817 2138 908 2181 res
949 2124 1348 2195 postulaverit,
1392 2125 1728 2195 intentoque
1769 2126 2020 2183 caruerit
2059 2140 2254 2183 rerum
2295 2126 2517 2184 divina-

818 2238 949 2281 rum
992 2225 1273 2283 desiderio
1324 2224 1433 2297 ipsi
1487 2231 1868 2283 consentaneo
1915 2228 2158 2298 propter·
2194 2227 2517 2297 imperitam

818 2337 983 2381 suam
1024 2322 1378 2395 petitionem,
1415 2338 1518 2396 per
1543 2340 1606 2382 se
1633 2324 1774 2382 nih-il
1818 2340 2019 2383 eorum
2060 2340 2191 2397 quae
2231 2327 2374 2398 petit
2415 2328 2519 2383 im-

820 2422 1077 2493 petrabit.
1119 2424 1203 2479 De
1244 2422 1396 2480 dieta
1435 2438 1606 2495 porro
1655 2424 2003 2494 precatione,
2046 2438 2219 2495 quam
2264 2424 2520 2482 Antistes

818 2534 993 2592 super
1032 2521 1302 2578 defuncto
1343 2522 1491 2591 facit,
1533 2522 1858 2579 divinorum
1900 2529 2225 2580 nostrorum
2268 2538 2520 2595 praecep·

820 2626 1025 2677 torum.
1050 2620 1372 2678 traductam
1389 2668 1392 2671 .
1411 2622 1486 2677 ad
1527 2634 1638 2677 nos
1682 2621 2048 2679 traditionem
2091 2636 2379 2693 exponere
2419 2638 2516 2680 ne-

820 2732 975 2777 cesse
1016 2726 1116 2777 est.
1669 2738 1674 2745 ·

897 2818 1142 2875 Divinus
1182 2818 1378 2889 itaque
1417 2815 1687 2887 Antistes,
1717 2827 1782 2875 ut
1815 2817 2046 2891 eloquia
2084 2826 2386 2892 testantur,
2430 2822 2516 2878 in-

820 2921 1035 2985 terpres
1094 2923 1179 2974 est
1236 2916 1564 2974 divinorum
1620 2915 2006 2988 iudiciorum:
2063 2919 2304 2991 angelus
2359 2921 2520 2978 enim

819 3012 1067 3071 Domini
1088 3014 1492 3084 omnipotentis
1531 3020 1616 3072 est
1654 3016 1788 3075 Dei:
1825 3024 2172 3088 quapropter
2211 3032 2286 3075 ex
2325 3018 2516 3091 Scrip-

525 3121 783 3169 promum
821 3111 970 3168 turis
1018 3110 1293 3169 divinitus
1347 3113 1570 3173 traditis
1621 3116 1864 3187 accepit,
1921 3118 2207 3187 quomodo
2258 3118 2357 3188 iis,
2411 3118 2518 3190 qui

544 3192 721 3239 proemi
726 3192 756 3223 a

535 3250 775 3309 defunctis

820 3216 1014 3267 sancte
1052 3210 1271 3281 vivunt,
1290 3226 1418 3282 pro
1457 3214 1743 3285 cujusque
1775 3214 1992 3271 meritis
2034 3215 2146 3272 dn
2132 3230 2228 3273 ma
2269 3216 2518 3275 clarissi-

824 3403 1017 3467 dlvina
1044 3406 1319 3468 nimirum
1351 3409 1668 3483 clementia,
1697 3424 1804 3483 pro
1829 3412 2077 3470 bonitate
2105 3426 2228 3486 sua,
2259 3414 2520 3473 maculas
