2667 4259
522 304 594 347 ns
624 304 837 348 nu’mls
865 305 1173 349 uommnus
1198 304 1478 349 -cAru'r
1509 306 1592 348 111.
1791 292 1902 347 173

212 419 361 465 eurae
402 405 540 481 fuit,
588 418 662 464 ne
720 420 981 479 unquam
1032 406 1419 479 perfunctorie
1467 408 1664 467 divina
1715 420 1904 479 prose-

210 502 484 571 quereris,

289 599 507 657 Verum
548 607 615 658 ut
650 601 762 659 ista
804 600 1074 672 mystica,
1130 600 1354 675 quippe,
1393 597 1568 672 vulgo
1619 614 1738 659 non
1777 614 1906 671 pro·
2008 616 2054 669 S·
2095 614 2142 659 3.

203 695 533 769 mulganda‚
562 700 783 775 tibique
810 700 1131 770 notissima,
1172 698 1351 755 missa
1391 697 1669 755 faciamus
1683 714 1702 769 3
1731 712 1911 769 quan-

202 793 277 850 do
314 794 437 865 jam
476 803 705 869 tempus
734 805 873 868 erat,
902 796 1348 869 quamplurimis
1376 795 1706 853 hominibus
1735 796 1907 853 fidem

200 898 461 951 nostram
500 894 921 967 promulgandi,
964 902 1021 953 et
1062 902 1347 967 quotquot
1395 895 1604 952 adduci
1644 900 1906 965 possent,

200 990 275 1047 ad
317 1006 538 1051 sacram
566 993 928 1065 disciplinam
956 1000 1213 1053 nostram
1240 994 1588 1065 attrahendi,
1627 1007 1748 1049 non
1773 1006 1908 1063 pau-

202 1102 299 1144 cos
340 1088 447 1145 hoc
488 1091 549 1147 in
590 1106 831 1151 munere
870 1094 1142 1151 Doctores
1170 1099 1398 1151 sanctos
1437 1092 1744 1163 superabat
1771 1096 1908 1147 cum

202 1200 315 1241 usu
356 1188 655 1260 temporiS,
701 1196 825 1246 >tum
880 1190 1089 1247 mentis
1143 1191 1417 1261 puritate,
1474 1196 1600 1245 tum
1641 1188 1909 1245 acumine

200 1272 775 1356 demonstrationum,
820 1288 1156 1357 caeterisque
1197 1288 1376 1345 sacris
1419 1286 1725 1355 institutiS,
1767 1284 1910 1342 adeo

202 1385 267 1460 ut
307 1392 633 1452 numquam
685 1388 843 1440 tanto
898 1384 1015 1441 Soli
1070 1384 1257 1441 conati
1306 1384 1488 1440 simus
1540 1384 1782 1440 obtueri.
1825 1384 1911 1438 Ita
1966 1387 2186 1432 Humilis

199 1476 358 1534 enim
400 1480 567 1535 nobis
610 1480 823 1536 conscii
864 1494 1086 1551 sumus,
1130 1481 1245 1537 imo
1287 1480 1533 1550 scimus,
1589 1492 1694 1537 nos
1734 1480 1908 1537 rebus
1965 1459 2196 1573 ¹²:3²2?

198 1573 415 1630 divinis
456 1574 841 1647 intelligendis
882 1576 1120 1634 minime
1162 1577 1445 1647 sufficere,
1488 1578 1722 1648 nedum,
1753 1577 1909 1647 quod
1988 1599 2169 1655 opinio.

117 1700 123 1704 ·
201 1670 531 1728 ineffabiles
570 1672 701 1743 sint,
745 1680 811 1729 ut
850 1676 1092 1747 cognitae
1134 1681 1322 1732 essent
1363 1674 1716 1745 eloquendis.
1763 1675 1908 1732 Cum

196 1775 399 1825 autem
442 1768 504 1825 in
547 1769 884 1841 'theologica
925 1773 1161 1828 veritate
1200 1771 1564 1843 explananda
1591 1784 1626 1827 a
1652 1770 1910 1828 virorum

196 1852 537 1923 divinorum
580 1868 849 1925 facultate
888 1869 1089 1939 procul
1130 1870 1416 1948 amimae,
1470 1884 1536 1927 eo
1579 1869 1750 1926 etiam
1789 1884 1910 1940 pree

198 1960 500 2034 religionis
541 1966 897 2022 abundantia
938 1967 1164 2025 deducti
1206 1982 1442 2039 sumus,
1498 1974 1564 2023 ut
1605 1966 1676 2025 de
1717 1955 1911 2025 divina

190 2059 568 2131 Philosophia
609 2062 754 2119 nihil
796 2063 886 2120 vel
928 2064 1129 2121 audire
1186 2064 1275 2121 vel
1327 2064 1488 2137 loqui
1529 2080 1906 2137 praesumere-

190 2171 351 2227 mUS,
395 2158 506 2215 nisi
550 2156 1060 2233 intellexissemUS‚
1106 2178 1225 2221 non
1280 2179 1405 2221 esse
1446 2178 1644 2220 rerum
1685 2162 1906 2220 divina-

191 2268 350 2325 rum,
395 2270 569 2326 quam
610 2260 841 2329 assequi
881 2254 1217 2329 possumus,
1268 2260 1673 2329 negligendam
1724 2260 1906 2316 scien-

191 2353 355 2409 tiam.
399 2351 590 2425 Atque
632 2355 688 2412 id
730 2369 849 2411 non
890 2353 1079 2410 solum
1122 2354 1408 2411 naturalia
1434 2354 1716 2409 mentium
1759 2354 1906 2411 desi-

192 2449 375 2519 deria,
418 2464 549 2519 quae
588 2457 850 2509 amanter
898 2463 1154 2521 semper,
1211 2455 1497 2519 quantum
1547 2448 1635 2505 fas
1675 2454 1790 2518 est,
1835 2452 1906 2505 ad

190 2546 526 2608 divinarum
570 2562 767 2607 rerum
808 2546 1347 2619 contemplationem
1399 2545 1756 2614 excitantur,
1813 2560 1906 2603 ve-

194 2661 331 2703 rum·
378 2648 498 2718 ipsa
539 2662 775 2719 quoque
812 2647 1285 2719 praestantissima
1339 2646 1535 2717 legum
1575 2645 1906 2703 divinarum

196 2744 483 2801 institutio
512 2745 816 2815 persuadet
831 2761 847 2815 3
878 2760 1027 2816 quae,
1056 2752 1121 2803 ut
1148 2759 1216 2802 ea
1245 2757 1375 2815 quae
1403 2756 1579 2813 supra.
1615 2756 1721 2799 nos
1750 2751 1904 2813 sunt,

194 2843 523 2914 meritaque
563 2851 759 2902 nostra
801 2844 1103 2916 excedunt,
1134 2850 1189 2901 et
1228 2848 1460 2915 captum
1505 2849 1778 2913 superant
1805 2859 1904 2901 cu·

198 2940 413 2998 riosius
455 2941 797 3012 investigare
838 2947 1017 3010 vetat,
1048 2941 1126 2997 ita
1161 2941 1325 3013 jubet
1366 2940 1578 3010 omnia,
1620 2954 1752 3011 quae
1779 2956 1904 3012 per-

197 3039 381 3095 missa
420 3038 586 3095 nobis
628 3041 683 3094 et
724 3036 949 3094 indulta
990 3044 1143 3107 sunt,
1186 3036 1416 3094 assidue
1457 3037 1766 3108 addiscere,
1809 3039 1905 3095 be-

191 3122 500 3209 nigneque
554 3136 681 3193 aliis
738 3126 1179 3192 communicare.
1238 3136 1337 3191 His
1389 3135 1582 3206 itaque
1643 3134 1906 3205 adducti,

198 3250 397 3306 neque
437 3235 631 3292 labore
670 3232 1131 3306 nequeignavia
1170 3246 1205 3287 a
1245 3232 1401 3289 licita
1451 3246 1648 3289 rerum
1689 3232 1905 3288 divina-

200 3348 335 3390 rum
365 3331 715 3389 scrutatione
743 3329 1015 3400 deterriti,
1042 3342 1116 3385 ne
1143 3342 1247 3401 pro
1275 3328 1512 3384 modulo
1533 3336 1729 3385 nostro
1761 3328 1906 3399 illos,

991 3418 1017 3447 l
