2667 4259
763 352 875 410 ist
1234 366 1279 408 s.
1322 363 1571 407 niomrsn
1613 363 1990 407 Annonem:

500 491 669 525 omnes
760 480 895 537 nes,
936 466 1360 536 distinctiones,
1403 464 1746 521 idemtitates
1759 506 1778 535 ,
1829 463 2212 535 diversitateS,
2257 464 2474 523 foedera

458 559 730 628 eonqruen-
760 562 1199 632 contrariorum,
1228 575 1426 619 rerum
1464 561 1762 619 unitarum
1801 560 2315 633 immi-mixtiones,
2340 576 2472 631 pro-

536 625 631 745 ”oeJ
670 684 679 689 ·
728 654 1024 717 'videntiae
1060 659 1429 730 superiorum
1444 700 1462 728 ,
1505 664 1709 714 mutua
1761 659 2050 715 consortia
2099 668 2299 717 rerum
2339 673 2472 731 quae

756 762 895 813 sunt
936 756 1197 827 ejusdem
1238 754 1477 825 ordiniS,
1519 754 1922 811 conversiones
1965 754 2308 812 inferiorum
2345 771 2468 813 om-

758 853 1043 922 niumque
1070 850 1540 921 suimetipsorum
1575 850 2022 907 conservatrices
2049 850 2468 909 immutabiles·

756 963 873 1019 que
912 947 1240 1005 mansiones
1281 961 1352 1003 ac
1393 948 1708 1009 tirmitatoe.
1751 949 1824 1006 Et
1863 961 2068 1005 rursus
2109 948 2374 1005 omnium
2407 949 2467 1007 in

756 1040 1027 1101 omnibus
1064 1056 1169 1113 pro
1208 1044 1498 1114 cujusque
1539 1044 1880 1115 proprietate
1917 1044 2374 1117 communiones,
2413 1053 2470 1102 et

754 1140 1164 1211 congruentiis,
1194 1139 1632 1213 inconfusisque
1656 1140 1936 1212 amicitiai,
1979 1132 2036 1197 et
2061 1142 2467 1199 consensiones

754 1236 1031 1308 universi,
1070 1248 1179 1293 nec
1218 1250 1340 1295 non
1381 1250 1578 1295 rerum
1605 1239 1668 1294 in
1693 1238 1804 1295 boc
1842 1238 2116 1296 universo
2141 1244 2465 1311 contempe-

754 1337 1023 1406 minuce,
1065 1334 1610 1406 indissolubilesque
1638 1336 1990 1407 complexus,
2020 1344 2307 1395 eteorum
2335 1352 2467 1409 quae

754 1432 905 1493 flunt
944 1439 1237 1504 perpetue
1264 1434 1671 1504 successiones,
1699 1439 1884 1491 status
1912 1446 2130 1504 omnes,
2160 1441 2470 1506 motusque

754 1531 1037 1589 mentium
1058 1574 1075 1603 ‚
1128 1530 1460 1589 animorum
1480 1570 1498 1600 ,
1525 1544 1894 1601 corporum:
1945 1538 2133 1589 status
2187 1533 2344 1592 enim
2385 1540 2470 1591 est

754 1628 1029 1685 omnibus
1064 1633 1239 1699 atque
1278 1633 1472 1693 motus
1491 1670 1510 1698 ,
1567 1626 1724 1697 quod
1778 1627 1936 1686 omni
1991 1633 2146 1684 statu
2189 1635 2468 1700 motuque

754 1724 1023 1796 superius
1062 1731 1299 1794 extans,
1341 1738 1464 1781 rem
1505 1724 1824 1797 quamlibet
1875 1725 1936 1783 in
1977 1724 2212 1797 propria
2249 1728 2468 1787 ratione

754 1822 965 1892 firmat,
1006 1828 1063 1879 et
1100 1823 1174 1879 ad
1214 1821 1506 1892 propriam
1547 1820 1742 1891 dirigit
1782 1821 2112 1877 motionem.

516 1928 562 1983 s.
606 1928 652 1973 s,
718 1934 725 1939 ·
760 1963 767 1973 .
834 1918 1099 1988 Denique
1140 1917 1352 1977 divinae
1377 1922 1614 1973 ‘mentes
1653 1916 1930 1975 dicuntur
1969 1918 2189 1978 moveri
2227 1918 2467 1979 circula-

472 1996 691 2110 Sl’ffi‘tm
754 2014 895 2075 riter
934 2013 1188 2089 quidem,
1230 2013 1374 2074 dum
1415 2014 1696 2084 principio
1724 2014 1958 2085 fineque
1985 2017 2316 2075 carentibus
2342 2018 2468 2089 pul·
2513 2030 2518 2033 ·

478 2078 690 2192 ῑῗῑὲιῑῖἶ
756 2111 881 2169 chri
920 2110 1177 2180 bonique
1216 2107 1624 2179 splendoribus
1664 2111 1956 2169 uniuntur
1966 2127 1985 2181 3
2015 2111 2230 2169 directe
2255 2120 2469 2185 autem,

515 2212 654 2248 motu
756 2208 989 2279 quando
1028 2207 1103 2263 ad
1130 2206 1470 2263 interiorum
1499 2206 1916 2277 providentiam
1945 2209 2286 2280 procedunt,
2317 2218 2469 2268 recte

445 2281 721 2321 monentur.
754 2305 949 2363 omnia
988 2304 1328 2376 dirigendo;
1383 2302 1618 2374 oblique
1672 2318 1808 2363 vero
1827 2348 1844 2375 ‚
1902 2305 2044 2361 dum
2099 2306 2468 2365 inferioribus

754 2402 1121 2461 consulentes
1148 2401 1211 2463 in
1238 2401 1442 2461 eodem
1467 2406 1622 2461 statu
1649 2404 1924 2472 perpetuo
1953 2408 2218 2475 manent,
2247 2404 2466 2463 circum

753 2501 971 2561 bonum
1012 2506 1069 2556 et
1094 2498 1424 2575 pulchrum,
1455 2498 1716 2569 ejusdem
1741 2505 1926 2559 status
1953 2512 2208 2571 causam,
2239 2514 2468 2574 semper

754 2612 819 2657 se
858 2603 1171 2655 versantes.
1521 2618 1530 2627 ·

516 2714 561 2767 s.
603 2712 651 2757 9.
835 2694 1029 2755 Animi
1070 2699 1265 2753 sutem
1304 2698 1498 2749 motus
1535 2689 1876 2749 orbicularis
1905 2698 1989 2751 est
2017 2692 2143 2764 ejus
2171 2694 2246 2753 ab
2275 2702 2464 2753 extra-

362 2804 370 2810 ·
465 2782 704 2827 Ss’ffli‘er
754 2793 879 2849 neis
919 2793 978 2851 in
1020 2790 1392 2861 semetipsum
1431 2787 1732 2859 introitus,
1771 2789 2240 2861 spiritaliumque
2285 2793 2461 2863 ipsius

464 2858 509 2897 et
546 2852 703 2896 animi

502 2922 675 2969 nostri.
754 2889 1092 2946 facultatum
1134 2886 1412 2944 unimoda
1449 2883 1716 2955 inflexio,
1759 2900 1894 2956 quae
1933 2886 2100 2960 quasi
2143 2887 2204 2943 in
2247 2890 2461 2946 circulo

755 2986 941 3043 fixum
982 2990 1037 3041 et
1076 2984 1149 3044 ab
1190 2982 1350 3040 omni
1389 2993 1584 3043 errore
1619 2978 1869 3043 liberum
1910 2988 2134 3043 motum
2161 2986 2216 3041 ei
2243 2988 2459 3057 tribuit,

752 3088 811 3141 et
852 3096 885 3138 a
926 3080 1125 3138 multis
1166 3078 1340 3141 rebus
1381 3080 1672 3139 extraneis
1709 3082 1902 3152 ipsum
1945 3082 2226 3143 convertit
2252 3097 2322 3143 ac
2349 3084 2458 3141 col·

751 3181 879 3252 iigit
918 3180 1169 3251 primum
1208 3179 1282 3235 ad
1322 3192 1403 3250 se,
1445 3178 1681 3250 deinde,
1723 3179 1892 3252 quasi
1926 3179 2048 3251 Jam
2088 3181 2266 3237 unius
2309 3180 2458 3241 modi

752 3278 1039 3347 effectum,
1062 3276 1386 3349 conjunctis
1406 3287 1526 3333 uno
1555 3277 1725 3333 modo
1745 3275 2114 3333 facultatibus
2139 3278 2456 3350 conjungit,

754 3376 1047 3451 atque‘ita
1086 3375 1319 3434 demum
1363 3375 1436 3432 ad
1477 3374 1788 3447 pulchrum
1813 3386 1884 3432 ac
1911 3372 2128 3433 honum
2171 3376 2451 3435 manudu-
