2667 4259
797 301 910 360 292
1219 365 1230 377 ἱ
1271 317 1318 360 s,
1362 317 1607 363 meursii
1646 316 2045 386 annotant-re

788 433 920 476 esse
955 419 1154 478 dicens
1179 420 1385 492 impios
1408 421 1600 482 adbuc
1624 422 1905 494 homines
1932 433 2235 494 rectasque
2260 424 2498 484 Domini

796 518 918 576 vias
956 527 1339 592 pervertentes
1377 521 1589 582 vivere.
1628 523 1701 580 Et
1739 522 1865 586 baec
1900 523 2128 594 dicens,
2156 525 2502 594 precabatur

793 619 1008 691 Deum,
1050 626 1115 677 ut
1153 621 1329 678 semel
1366 621 1673 688 amborum
1713 622 1891 680 vitam
1930 620 2179 694 fulgetra>
2218 624 2498 696 quopiam

792 717 1318 778 immisericorditer
1357 721 1737 792 abrumperet.
1790 721 1891 778 His
1929 721 2121 793 dictis,
2162 715 2397 794 repente
2436 738 2501 780 se

709 795 726 810 “
797 815 1004 874 vidisse
1029 817 1306 876 referebat
1331 817 1587 889 domum,
1614 818 1678 886 in
1703 832 1822 890 qua
1850 818 2210 891 consistebat,
2238 819 2497 890 primum

797 922 1234 987 conquassatam
1259 930 1296 972 a
1321 931 1551 975 summo
1573 917 1800 989 vertice,
1828 917 2211 989 bifariamque
2236 919 2499 990 divisam,

799 1020 855 1070 et
881 1016 1185 1085 quemdam
1215 1021 1349 1074 ante
1364 1031 1429 1073 se
1456 1016 1703 1088 ingentis
1728 1015 1965 1076 luminis
1986 1031 2219 1089 rogum,
2244 1031 2500 1088 eum-que

707 1113 714 1117 ’
785 1109 934 1186 (sub
973 1112 1068 1170 dio
1107 1114 1262 1186 enim
1296 1114 1419 1185 Jam
1458 1114 1626 1172 locus
1664 1113 1763 1174 ille
1800 1115 2125 1190 videbatur)
2168 1130 2201 1172 e
2238 1115 2385 1174 coelo
2424 1117 2498 1174 ad

799 1226 862 1268 se
900 1226 1086 1284 usque
1127 1212 1379 1270 delatum
1392 1228 1411 1283 3
1454 1212 1664 1288 coelum
1690 1219 1884 1272 autem
1912 1213 2104 1284 ipsum
2133 1220 2415 1286 apertum,
2444 1221 2501 1272 et

800 1309 861 1366 in
903 1309 1028 1366 coeli
1069 1310 1301 1378 cardine
1342 1311 1536 1370 lesum
1564 1311 1887 1370 innumeris
1914 1310 2001 1371 illi
2030 1311 2283 1368 humana
2308 1313 2500 1383 specie

783 1406 1036 1481 ’Angelis
1074 1409 1449 1468 adstantibus.
1491 1407 1681 1480 Atque
1707 1408 1817 1466 ista
1844 1408 2077 1480 quidem
2104 1385 2336 1470 sursum-
2360 1422 2497 1466 con·

795 1507 1068 1580 spexisse,
1109 1507 1499 1578 miratumque
1537 1507 1731 1564 fuisse.
1774 1497 1951 1564 Porro
2000 1507 2271 1564 deorsum
2311 1520 2499 1578 respe-

799 1604 1004 1662 ctando
1046 1604 1263 1678 Carpus
1315 1620 1378 1664 se
1431 1605 1639 1673 vidisse
1678 1606 1993 1677 asserebat,
2034 1607 2225 1678 ipsum
2265 1621 2500 1677 quoque

800 1704 1188 1774 pavimentum
1217 1705 1399 1762 instar
1424 1711 1598 1765 vastae
1620 1705 1921 1776 cujusdam
1948 1703 2497 1762 tenebricosissimae-

801 1816 916 1874 que
955 1803 1240 1876 voraginis
1267 1803 1589 1874 discissum,
1618 1802 1860 1874 illosque
1886 1804 2037 1860 viros
2064 1817 2211 1874 quos
2237 1802 2381 1860 diris
2404 1802 2496 1858 de·

799 1908 1048 1972 voverat,
1087 1908 1220 1960 ante
1259 1917 1322 1960 se
1360 1904 1433 1962 ad
1474 1917 1539 1959 os
1580 1901 1865 1974 voraginis
1904 1908 2210 1963 trementes
2237 1908 2413 1972 stare,
2432 1915 2499 1956 ae

801 1999 1179 2071 miserabiles,
1224 2008 1519 2072 tamquam
1563 2001 1687 2073 jam
1722 2000 1961 2074 iamque
1998 2015 2119 2071 prae
2160 2001 2371 2072 pedum
2412 2001 2497 2058 lu-

803 2098 1060 2156 bricitate
1101 2099 1481 2170 collapsuros:
1524 2099 1745 2159 inferne
1786 2105 1979 2184 autem
2016 2113 2052 2156 e
2095 2099 2361 2170 voragine
2378 2113 2499 2156 ser-

800 2203 1000 2268 pentes
1039 2211 1330 2268 emergere
1370 2197 1653 2269 cernebat,
1694 2197 1845 2257 circa
1882 2204 2001 2254 tam
2039 2196 2241 2256 labiles
2267 2197 2498 2256 illorum

803 2297 1001 2368 pedeS,
1042 2298 1211 2356 modo
1251 2275 1487 2369 quidem
1536 2299 1599 2355 in
1640 2311 1849 2370 gyrum
1887 2304 2057 2368 actos,
2100 2303 2157 2354 et
2197 2297 2501 2369 implicitos

802 2398 978 2456 simul
1017 2398 1427 2470 pertrahenteS,
1466 2398 1637 2457 modo
1664 2411 1901 2470 quoque
1926 2396 2193 2458 dentibus
2216 2403 2277 2457 et
2302 2397 2500 2454 caudis

711 2565 717 2578 ι
804 2499 1172 2556 incendentes
1211 2511 1278 2554 ac
1318 2497 1727 2569 demulcentes,
1764 2497 2153 2567 omnibusque
2191 2495 2377 2554 modis
2404 2511 2498 2554 eos

805 2597 866 2654 in
906 2598 1235 2670 voraginem
1277 2597 1593 2668 praeeipites
1633 2595 1771 2653 dare
1810 2595 2138 2652 molientes:
2183 2595 2359 2653 fuisse
2400 2611 2499 2652 au·

804 2701 923 2753 tem
963 2703 1020 2754 et
1057 2697 1209 2755 viros
1264 2697 1545 2767 quosdam
1586 2695 1645 2750 in
1685 2695 1901 2765 medio,
1946 2696 2048 2766 qui
2088 2695 2361 2754 adversus
2402 2710 2497 2752 eos

805 2810 924 2853 una
963 2809 1097 2854 cum
1135 2797 1495 2867 serpentibus
1533 2794 1811 2866 impetum
1852 2794 2117 2866 facerent,
2156 2794 2499 2866 exagitando

805 2909 941 2965 una,
971 2901 1026 2950 et
1053 2893 1395 2966 impellendo
1436 2898 1610 2963 atque
1648 2893 1901 2952 feriendo
1915 2910 1933 2964 3
1964 2893 2113 2953 visos
2154 2900 2349 2950 autem
2376 2907 2501 2950 esse

807 2993 958 3051 viros
1001 2993 1128 3053 illos
1169 2993 1355 3064 lapsui
1396 2992 1871 3064 appropinquare,
1899 2992 2105 3064 partim
2148 2992 2385 3063 quidem
2412 2992 2495 3050 in-

806 3095 968 3165 vitoS,
998 3093 1204 3165 partim
1243 3105 1377 3149 vero
1416 3098 1635 3163 sponte,
1671 3106 1711 3148 a
1749 3092 1901 3152 malo
1926 3091 2005 3148 ita
2030 3091 2245 3148 sensim
2272 3098 2497 3150 coactos

805 3198 864 3247 et
901 3190 1074 3248 simul
1099 3203 1418 3261 persuasos,
1446 3191 1739 3248 Referebat
1764 3197 1953 3248 autem
1982 3189 2221 3262 carpus,
2249 3205 2327 3262 se,
2356 3189 2493 3248 dum

781 3289 1074 3348 inferiora
1113 3287 1433 3360 respiceret,
1474 3287 1651 3346 fuisse
1676 3287 2047 3359 delectatum,
2074 3287 2369 3360 superiora
2396 3302 2493 3344 ne·

805 3387 1103 3462 gligend03
1145 3402 1278 3447 cum
1320 3401 1455 3446 vero
1494 3387 1743 3460 graviter
1780 3397 1835 3445 et
1876 3387 2109 3462 indigne
2158 3387 2328 3448 ferret
2371 3386 2497 3445 illns
