2667 4259
528 616 535 619 ’
585 626 631 682 S.
656 625 743 672 Η.

598 696 737 749 Quod

562 767 779 826 infanta

563 838 779 884 rationis

586 909 741 955 adhuc

562 979 770 1038 impotes

546 1050 793 1109 baptizen-

595 1124 734 1167 tur..

839 312 951 372 ΜΞ
1056 308 1065 319 ’
1298 327 1358 373 s.
1401 324 1651 371 monrsn
1695 324 2074 371 annovam-m

834 438 929 489 tus
968 429 1237 501 evaseriS,
1276 429 1472 489 divina
1511 429 1640 488 luce
1681 431 2052 489 collustratus
2091 428 2166 487 ad
2194 432 2540 503 'supremam

834 544 1035 588 earum
1076 530 1372 587 scientiam
1413 530 1772 587 subveheris

904 629 1079 697 ‘Quod
1118 634 1311 686 autem
1355 629 1600 685 infantes
1641 641 1892 700 quoque,
1923 628 2026 699 qui
2053 641 2156 699 per
2184 624 2410 687 aetatem
2441 644 2540 687 ne-

834 735 1059 801 queunt
1098 702 1446 801 intelligere,
1485 716 1696 785 divinae
1749 726 2198 800 regenerationis
2247 728 2556 785 sanctissi-‘

833 842 1180 901 morumque
1218 829 1430 887 divinat
1469 828 1890 887 communionis
1929 827 2334 899 mysteriorum
2362 828 2538 900 parti-

834 930 987 1001 cipes
1027 928 1197 1001 fiant,
1242 929 1487 999 videtur,
1531 935 1596 987 ut
1635 928 1856 1000 inquis,
1911 926 2244 985 hominibus
2282 928 2538 1000 profanis

832 1042 951 1086 non
979 1028 1264 1086 immerito
1288 1028 1412 1085 risu
1439 1028 1711 1101 dignum,
1741 1026 1896 1099 quod
1931 1026 2240 1085 Pontifices
2279 1042 2380 1085 eos
2407 1040 2536 1085 eru·

834 1128 995 1187 diant
1020 1128 1123 1199 qui
1148 1132 1446 1199 nequeunt
1465 1126 1682 1197 audire,
1703 1130 2044 1197 sanctasque
2063 1125 2400 1183 traditiones
2421 1140 2534 1183 non

833 1224 1283 1299 intelligentibus
1323 1224 1537 1283 frustra
1576 1224 1804 1281 tradant
1812 1241 1830 1295 3
1874 1238 2063 1295 neque
2101 1224 2299 1281 minus
2326 1224 2534 1282 ridicu-

836 1324 965 1383 lum
1006 1332 1107 1398 est,
1138 1326 1294 1397 quod
1322 1322 1422 1383 alii
1448 1338 1554 1396 pro
1579 1323 1650 1381 iis
1676 1324 2202 1387 abrenuntiationes
2230 1337 2538 1395 sacrasque

834 1425 1215 1498 professiones
1254 1423 1646 1497 pronuntient.
1688 1422 1906 1481 Verum
1957 1435 2075 1481 non
2109 1428 2338 1494 oportet
2377 1429 2533 1481 tuam

836 1530 1093 1583 sanctam
1134 1523 1498 1595 prudentiam
1539 1522 1866 1580 errantibus
1905 1522 2224 1595 indignari,
2267 1523 2369 1581 sed
2409 1523 2534 1581 reli·

836 1624 992 1697 giose
1018 1624 1093 1682 ad
1118 1638 1317 1683 eorum
1347 1624 1763 1681 institutionem
1791 1634 1927 1679 cum
1957 1622 2230 1681 charitate
2255 1623 2536 1681 rationem

834 1723 1103 1793 reddere,
1146 1728 1201 1780 et
1241 1722 1587 1795 obiectiones
1641 1734 1841 1782 eorum
1883 1721 2106 1779 solvere
2115 1736 2134 1792 3
2175 1727 2352 1793 atque
2395 1721 2536 1779 illud

834 1808 1078 1893 insuper
1112 1822 1436 1880 secundum
1477 1834 1695 1879 sacram
1737 1822 2091 1879 sanctionem
2129 1821 2358 1892 addere,
2405 1836 2537 1893 quo·

834 1921 1005 1978 modo
1046 1920 1240 1977 divina
1280 1921 1488 1978 omnia·
1513 1934 1883 1992 nequaquam
1924 1926 2122 1977 nostra
2160 1919 2537 1993 intelligentia

834 2019 1353 2076 commensuranda
1391 2018 1538 2089 sint,
1577 2019 1714 2076 -sed⁴
1747 2018 2001 2090 plurima
2041 2031 2176 2091 quae
2213 2032 2320 2077 nos
2362 2018 2538 2077 latent

726 2178 731 2183 ,
832 2130 1035 2174 causas
1077 2116 1287 2185 habere
1326 2118 1446 2201 Deo
1467 2114 1693 2189 dignaS,
1723 2132 1870 2189 quas
1897 2132 2002 2175 nos
2031 2118 2268 2190 quidem
2309 2119 2538 2192 ignore-

834 2231 983 2286 muS,
1024 2228 1229 2273 verum
1258 2216 1331 2273 ab
1356 2214 1658 2274 ordinibus
1686 2216 1853 2275 nobis
1889 2217 2385 2288 prastantioribus
2413 2232 2536 2289 per-

833 2316 1030 2388 spicue
1070 2321 1503 2387 cog-noscantur.
1545 2314 1804 2373 Plurima
1844 2316 1980 2373 item
2023 2315 2200 2373 latent
2239 2330 2540 2389 supremas

836 2416 965 2475 illas
1006 2416 1564 2488 sublimissimasque
1603 2416 1970 2488 substantiaS,
1999 2426 2134 2488 quae
2173 2416 2281 2475 soli
2323 2418 2541 2490 sapien-

834 2517 1073 2574 tissimae
1112 2516 1594 2587 sapientisscaeque
1633 2515 1916 2572 divinitati
1944 2522 2081 2573 nota
2107 2521 2261 2573 sunt.
2290 2516 2538 2575 Verum-

832 2622 1025 2673 tamen
1065 2615 1179 2671 hac·
1212 2614 1283 2681 de
1308 2628 1374 2671 re
1399 2614 1458 2671 id
1485 2626 1718 2685 quoque
1745 2614 2018 2687 dicimus,
2048 2616 2204 2687 quod
2231 2616 2540 2675 deiformes

832 2711 1207 2785 praecepto'res
1247 2712 1429 2768 nostri
1482 2712 1554 2768 ab
1607 2712 1846 2782 antiqua
1893 2713 2198 2777 traditione
2238 2721 2538 2786 acceptum

833 2811 1000 2871 nobis
1040 2810 1540 2881 transcripserunt.
1586 2809 1768 2882 Ajunt
1805 2811 1994 2882 enim,
2037 2812 2194 2883 quod
2235 2818 2290 2869 et
2329 2826 2538 2871 verum
2596 2846 2610 2861 -

834 2916 939 2981 est,
978 2910 1241 2979 infanteS,
1283 2910 1333 2965 si
1374 2910 1434 2964 in
1477 2908 1602 2980 lege
1641 2918 1803 2967 sacra
1842 2909 2246 2982 instituantur,
2289 2911 2365 2968 ad
2407 2926 2538 2969 san-

834 3012 993 3065 ctum
1031 3007 1211 3065 animi
1265 3013 1478 3065 statum
1532 3015 1906 3078 perventuros
1957 3021 2082 3065 esse
2131 3010 2292 3097 omni
2347 3024 2543 3067 errore

833 3098 1061 3176 liberoS,
1104 3112 1159 3163 et
1199 3106 1323 3162 sine
1350 3104 1472 3162 ullo
1499 3106 1742 3178 impurae
1770 3107 1900 3165 vitae
1927 3106 2200 3179 periculo.
2231 3110 2350 3166 Hoc
2378 3109 2536 3167 enim

832 3218 969 3263 cum
1012 3205 1073 3262 in
1112 3210 1365 3262 mentem
1405 3206 1671 3273 venisset,
1691 3206 1899 3265 divinis
1940 3208 2151 3265 nostris
2193 3208 2540 3266 institutori-

834 3304 975 3376 buS,
1015 3303 1231 3376 placuit
1268 3292 1493 3362 admitti
1547 3302 1759 3377 puems'
1809 3304 1915 3363 hec
1966 3314 2168 3364 sancto
2224 3307 2428 3377 modo,
2475 3312 2540 3363 ut

835 3402 1007 3465 oblati
1048 3402 1271 3479 parvuli
1311 3408 1575 3477 parentes
1615 3403 1906 3465 naturales
1949 3402 2134 3465 tilium
2163 3404 2266 3464 uni
2295 3420 2372 3464 ex
2401 3404 2540 3463 fide-

2653 3148 2656 3207 l
