2667 4259
556 249 627 290 nu
658 249 873 293 nimus
899 250 1211 295 nomninus
1242 266 1317 280 —
1349 250 1530 295 cnut
1560 253 1612 293 v.
1829 237 1942 298 213

240 350 443 409 sentim
484 352 773 423 possibilis
828 352 1283 425 supernaturalis
1336 368 1516 414 eausa
1552 354 1946 413 substantialis
1977 360 2138 407 Demi·
2153 374 2259 407 me

232 447 451 520 existit,
494 455 551 507 et
590 448 829 509 effector
866 450 1045 521 entis,
1088 452 1442 523 existentiae,
1481 464 1772 525 persona,
1811 454 1946 513 sub·
1990 433 2246 549 mxx?

232 546 484 618 -stantiae,
526 553 780 605 naturae:
822 549 1170 626 principium
1196 556 1255 607 et
1280 561 1556 608 mensura
1581 549 1948 621 saeeulorum,
1981 574 2263 619 mmm,-

232 647 297 701 et
338 648 665 715 temporum
706 646 933 717 entitas,
974 652 1030 704 et
1072 646 1297 707 entium
1334 658 1544 717 aevum,
1587 653 1816 721 tempus
1855 662 1947 707 eo-

232 752 371 801 rum
413 754 547 811 quae
588 742 754 814 fiunt,
796 758 920 801 esse
948 743 1017 801 iis
1044 756 1178 815 quae
1220 745 1629 816 quoquomodo
1669 752 1826 817 sunt,
1855 757 1947 819 ge·

240 837 463 897 neratio
505 841 913 912 quoquomodo
956 841 1182 915 genitis,
1222 844 1311 901 Ex
1353 858 1422 901 eo
1463 843 1566 916 qui
1607 850 1710 915 est,
1739 855 1948 913 aevum,

236 940 296 994 et
336 937 675 1010 substantia,
718 945 777 997 et
816 940 1137 1012 existentia,
1167 948 1224 1001 et
1250 949 1498 1014 tempus,
1541 948 1598 999 et
1639 941 1948 1017 generatio,

226 1039 293 1093 ot
334 1035 491 1105 quod
533 1036 807 1108 gignitur.
848 1038 950 1096 Est
976 1053 1045 1097 ea
1072 1050 1203 1111 quae
1230 1045 1388 1109 sunt,
1429 1038 1492 1096 in
1531 1038 1603 1097 iis
1631 1052 1764 1111 quae
1791 1044 1951 1109 sunt,

236 1136 293 1189 et
333 1146 467 1203 quae
506 1148 879 1206 quocumque
918 1136 1089 1194 modo
1128 1134 1422 1207 existunt,
1477 1143 1534 1193 et
1573 1150 1708 1208 quae
1745 1150 1850 1209 per
1889 1148 1953 1195 se

237 1228 513 1291 existunt.
556 1233 715 1291 Deus
753 1233 909 1291 enim
950 1247 1069 1291 nou
1111 1234 1317 1310 quovis
1358 1234 1530 1291 modo
1570 1238 1656 1291 est
1683 1246 1806 1304 ens,
1849 1233 1952 1291 sed

228 1328 575 1399 ’simpliciter
616 1337 673 1388 et
714 1330 939 1387 infinite
978 1335 1165 1387 totum
1194 1344 1317 1397 esse
1345 1330 1408 1387 in
1450 1344 1512 1386 se
1552 1330 1949 1401 pariteneom·

237 1425 447 1497 plexus
488 1434 545 1485 et
584 1428 941 1499 anticipans,
982 1428 1366 1502 quamohrem
1403 1428 1575 1487 etiam
1603 1429 1729 1487 Rex
1767 1442 1949 1487 saeeu-

222 1521 435 1587 ,lorum
474 1524 823 1598 nominatur,
865 1530 931 1584 ut
972 1525 1035 1583 in
1076 1539 1194 1597 quo
1236 1532 1293 1584 et
1333 1539 1510 1596 penes
1565 1540 1739 1598 quem
1783 1526 1949 1598 euju-

245 1620 419 1681 slihet
458 1628 585 1681 esse
624 1630 681 1681 et
719 1624 793 1681 sit
832 1630 891 1682 et
930 1628 1169 1695 constet,
1210 1630 1267 1682 et
1294 1624 1354 1681 in
1383 1637 1500 1695 quo
1526 1636 1635 1682 nee
1675 1630 1814 1696 erat,
1843 1638 1954 1682 nee

236 1718 369 1789 erit,
408 1733 600 1791 neque
640 1720 857 1779 iactum
898 1727 1014 1793 est,
1056 1734 1248 1793 neque
1288 1722 1388 1793 fit,
1430 1735 1620 1793 neque
1659 1721 1790 1792 fiet,
1833 1722 1950 1779 imo

224 1828 349 1875 -nee
389 1824 505 1888 est;
548 1818 649 1875 sed
691 1818 811 1907 ipse
851 1826 938 1881 est
976 1833 1103 1877 esse
1142 1820 1342 1877 rebus·
1388 1825 1445 1878 et
1484 1832 1602 1877 non
1630 1825 1856 1883 tantum
1883 1832 1953 1877 ea

236 1926 372 1985 quae
412 1921 579 1991 sunt,
620 1916 721 1974 sed
762 1918 954 1988 ipsum
994 1931 1120 1975 esse
1160 1930 1390 1988 rerum,
1447 1930 1527 1975 ex
1547 1892 1696 1988 αὕτη
1735 1922 1952 1975 aeterno

238 2017 389 2083 ente,
430 2012 552 2085 ipse
592 2013 747 2071 enim
790 2020 875 2073 est
914 2028 1104 2074 aevum
1161 2028 1452 2085 aevorum,
1509 2014 1776 2131 existens
1816 2021 1952 2075 ante

238 2121 411 2165 omne
448 2124 655 2175 aevum

320 2205 511 2267 Altius
551 2208 751 2279 itaque·
788 2215 1127 2279 repetentes,
1156 2208 1438 2276 dicamus,
1465 2208 1640 2267 rebus
1680 2207 1952 2267 omnihus
2053 2218 2100 2274 s.
2144 2217 2189 2263 5.

240 2311 297 2363 et
336 2306 491 2377 aevis,
534 2306 728 2377 ipsum
769 2320 895 2363 esse
934 2306 1009 2362 ab
1050 2319 1119 2363 eo
1169 2304 1273 2374 qui
1325 2305 1634 2373 praeextitit
1687 2304 1949 2363 existere
1981 2286 2089 2401 effi
2103 2288 2262 2401 (ἔξω

224 2400 434 2475 ⁴Atque
472 2417 644 2461 omne
685 2402 922 2473 quidem
963 2414 1155 2460 aevum
1180 2414 1248 2459 ae
1272 2404 1502 2471 tempus
1543 2412 1618 2459 ex
1657 2399 1800 2469 ipso,
1829 2413 1950 2459 om·
1980 2433 2029 2471 et
2065 2433 2262 2485 tempus

240 2500 335 2557 nis
376 2514 512 2559 vero
554 2500 661 2559 aevi
702 2514 773 2559 ae
812 2498 1103 2573 temporiS,
1145 2497 1347 2568 reique
1387 2494 1698 2568 cujuslibet
1738 2495 1949 2569 prinei·
1979 2502 2029 2541 et
2075 2497 2260 2541 omnia

222 2598 401 2670 ⁴pium
430 2612 499 2657 ac
538 2612 715 2657 eausa
742 2598 790 2657 is
819 2603 905 2655 est
932 2596 1035 2668 qui
1061 2594 1376 2671 praeexistit
1387 2610 1408 2665 3
1435 2600 1494 2653 et
1519 2599 1732 2655 cuneta
1759 2593 1950 2665 ipsum

240 2696 613 2769 participant,
656 2702 715 2756 et
752 2710 789 2753 a
828 2695 993 2755 nullo
1034 2695 1255 2755 entium
1297 2692 1510 2755 reeedit
1521 2709 1543 2763 3
1599 2698 1655 2753 et
1699 2693 1824 2765 ipse
1863 2698 1952 2751 est

239 2800 374 2853 ante
414 2795 629 2865 omnia,
672 2800 729 2853 et
768 2792 1038 2853 universa
1078 2794 1141 2851 in
1182 2793 1307 2865 ipso
1347 2790 1685 2864 consistunt,
1727 2795 1786 2853 et
1809 2790 1946 2850 sim-

238 2891 483 2965 pliciter,
524 2892 575 2951 si
616 2892 758 2963 quid
799 2890 1239 2963 quomodolibet,
1268 2890 1481 2962 existit,
1533 2889 1594 2949 in
1636 2889 1761 2961 ipso
1801 2900 1946 2961 prn-

238 2996 371 3048 ente
412 2997 534 3049 tum
580 2997 683 3062 est,
728 2996 850 3047 tum
880 2988 1237 3060 intelligitur,
1264 2996 1394 3047 tum
1419 2988 1704 3047 salvatur:
1733 2994 1792 3047 et
1814 2992 1950 3048 ante

238 3087 382 3146 alias
424 3089 552 3162 ejus
591 3087 1053 3159 participationes
1079 3087 1544 3160 praesupponitur
1571 3086 1762 3159 ipsum
1803 3096 1948 3156 esee,

238 3192 296 3249 et
336 3192 425 3245 est
465 3188 657 3259 ipsum
695 3200 799 3258 per
836 3199 900 3245 se
940 3188 1065 3243 esse
1104 3184 1422 3265 antiquius,
1463 3198 1641 3259 quam
1681 3198 1808 3248 esse
1845 3198 1950 3256 per

236 3300 299 3349 se
340 3286 536 3359 vitam,
580 3292 633 3343 et
676 3299 779 3357 per
812 3298 881 3363 se
922 3283 1311 3359 sapientiam‚-
1334 3290 1391 3347 et
1431 3299 1534 3357 per
1573 3298 1635 3345 se
1677 3282 1944 3363 similitu·
