2667 4259
790 308 905 366 ΠΟ
1262 322 1306 365 s,
1351 322 1596 365 mouvsn
1640 322 2024 366 Annonam-ur

786 442 901 499 que
942 439 1185 483 munera
1228 440 1360 496 quae
1399 440 1572 496 penes
1597 428 1796 495 ‘ipsam
1837 432 1976 482 sunt
2016 424 2316 499 collocata,
2359 440 2498 484 nam

784 526 909 595 ipsa
950 525 1183 594 quidem
1226 537 1478 594 praesens
1505 523 1664 579 adest
1692 522 1978 593 omnibu8‚
2021 536 2139 579 non
2180 534 2372 581 autem
2413 522 2496 580 illi

784 622 997 678 adsunt
1038 621 1247 677 omnia.
1293 620 1403 677 Sed
1446 633 1582 676 eum
1621 634 1747 675 eam
1787 620 2000 677 sanetis
2042 621 2496 691 precationihuS,

785 726 841 775 et
882 724 1073 775 mente
1114 718 1445 788 tranquilla,
1477 724 1530 773 et
1557 716 1629 773 ad
1659 716 1913 773 divinam
1956 718 2233 775 unionem
2275 732 2496 775 aeeom-

786 816 1017 872 modata
1054 816 1446 885 deprecamur,
1489 821 1611 870 tum
1655 816 1900 870 demum.
1931 828 2044 870 nos
2077 814 2248 870 etiam
2277 815 2329 870 ei
2357 828 2500 885 prae-

688 934 697 942 ·
785 920 977 968 sentes
1028 924 1255 967 sumus,
1308 912 1440 981 Ipsa
1489 912 1646 967 enim
1698 924 1806 967 nee
1847 910 1906 965 in
1949 909 2082 965 loeo
2131 911 2212 967 ita
2263 918 2392 981 est,
2437 919 2502 969 ut

534 1015 681 1068 Nota,

533 1085 697 1130 Deum

478 1155 630 1200 etiam
648 1165 754 1197 esse

550 1232 693 1268 extra

486 1293 735 1339 universa.

476 1500 537 1544 1η
574 1502 756 1545 oratio-

512 1582 572 1614 ne
608 1582 709 1615 non

474 1646 577 1683 tam
591 1638 753 1684 Deum

544 1710 691 1754 nobis

473 1790 623 1835 quam
659 1790 752 1825 nos

554 1847 659 1893 Deo

475 1919 742 1974 appropin-

432 1988 445 2001 ⁰
536 2000 704 2043 quare.

786 1022 1035 1078 usquam
1076 991 1247 1075 absit,
1285 1006 1378 1063 vel
1405 1021 1478 1063 ex
1505 1006 1639 1062 aliis·
1675 1007 1750 1063 ad
1777 1006 1890 1062 alia
1929 1007 2154 1077 migret.
2199 1006 2354 1073 Quin
2383 1009 2500 1065 imo

784 1106 1005 1175 dic-ere,
1047 1104 1109 1171 in
1150 1104 1421 1163 omnibus
1464 1105 1638 1160 rebus
1679 1104 1866 1175 ipsam
1907 1118 2061 1174 esse,
2119 1104 2260 1173 quid
2303 1106 2499 1163 minus

784 1208 869 1259 est
912 1202 1038 1273 ejus
1080 1202 1393 1272 infinitate,
1437 1215 1570 1270 quae
1611 1208 1668 1257 et
1709 1200 1932 1257 excedit
1974 1205 2030 1257 et
2069 1201 2326 1269 eontinet
2368 1204 2499 1259 uni·

784 1312 965 1355 versa.
1008 1299 1123 1355 Nos
1165 1298 1318 1369 ipsos
1361 1297 1558 1367 itaque
1599 1297 1958 1354 orationibus
1984 1298 2058 1353 ad
2099 1298 2498 1356 sublimiorem
2539 1346 2550 1354 .

782 1395 1115 1451 divinorum
1142 1394 1645 1465 benignorumque
1667 1394 1960 1451 radiorum
1990 1396 2314 1453 contuitum
2343 1411 2496 1453 eom-

782 1506 1081 1562 paremus:
1138 1492 1634 1562 quemadmadum
1675 1492 1723 1549 si
1764 1491 2180 1549 lucidissimam
2233 1499 2498 1549 catenam

784 1605 828 1658 e·
856 1601 1083 1645 summo
1124 1587 1264 1645 eaelo
1304 1602 1662 1659 suspensam,
1699 1594 1756 1645 et
1782 1588 1898 1644 huc
1937 1602 2126 1658 usque
2165 1588 2502 1659 demissam,

784 1687 1053 1744 manibus
1095 1685 1333 1743 alternis
1377 1686 1439 1743 in
1479 1686 1766 1742 anteriora
1807 1686 2089 1756 protensis
2137 1686 2498 1753 continenter

782 1785 1186 1855 arriperemuS‚
1228 1784 1514 1841 attrahere
1557 1784 1792 1853 quidem
1833 1784 2016 1853 ipsam
2059 1783 2410 1854 videremur,
2438 1797 2504 1840 re

782 1888 976 1939 autem
1016 1895 1181 1952 vera,
1238 1896 1374 1939 nou.
1400 1880 1561 1937 illam
1603 1881 1714 1951 ipsi
1755 1880 2205 1952 deduceremus,
2255 1887 2322 1938 ut
2365 1896 2496 1953 quae

782 1992 1031 2048 superne
1073 1985 1128 2033 et
1169 1978 1394 2034 inferne
1436 1991 1689 2048 praesens
1717 1984 1883 2049 esset,
1915 1979 2018 2035 sed
2056 1978 2282 2049 ipsimet
2309 1980 2495 2051 magis

780 2075 853 2132 ad
894 2074 1259 2131 sublimiores
1300 2074 1597 2149 radiorum
1641 2074 1956 2133 illustrium
1997 2074 2250 2147 fulgores
2291 2078 2497 2135 evehe-

782 2186 1001 2230 remur.
1054 2169 1171 2227 Aut
1224 2171 1376 2227 sieut
1429 2172 1482 2227 si
1535 2172 1734 2228 navim
1786 2173 2062 2244 ingressi,
2105 2173 2380 2231 rudentes
2423 2189 2495 2231 ex

780 2274 943 2340 petra
982 2269 1233 2338 quadam
1274 2268 1352 2325 ad
1389 2283 1496 2325 nos
1537 2282 1728 2339 usque
1765 2276 2058 2339 porrectos
2083 2268 2288 2325 auxilii
2317 2284 2494 2327 eausa

780 2372 1124 2435 teneremuS,
1168 2379 1287 2422 non
1314 2366 1388 2422 ad
1417 2380 1524 2423 nos
1550 2372 1790 2436 petram,
1831 2366 1936 2422 sed.
1962 2366 2248 2437 nosipsos
2293 2380 2493 2425 revera

778 2463 1093 2534 navimque
1132 2463 1205 2519 ad
1246 2464 1472 2533 petram
1513 2464 1959 2519 traduceremus.
1993 2462 2492 2530 Quemadmodum

778 2560 951 2616 etiam
994 2572 1217 2630 rursm,
1260 2560 1315 2615 si⁸
1353 2560 1484 2629 quis
1525 2565 1685 2615 stans
1729 2560 1788 2614 in
1829 2559 1963 2615 navi
2005 2558 2364 2616 maritimum
2407 2574 2491 2618 sa·

778 2672 923 2713 xum
980 2655 1267 2728 impellat,
1308 2656 1708 2725 nequidquam
1763 2670 1970 2713 saxum
2021 2657 2166 2715 illud
2207 2657 2396 2717 fixum
2439 2666 2492 2717 et

778 2754 1072 2812 immobile
1094 2754 1370 2823 movebit,
1401 2754 1501 2810 sed
1527 2768 1590 2809 se
1617 2753 1738 2823 ipse
1765 2754 1840 2811 ab
1869 2754 1976 2811 illo.
2007 2755 2240 2825 repellet
2254 2770 2281 2825 3.
2303 2770 2488 2826 quan-

778 2858 955 2920 toque
993 2850 1389 2907 vehementius
1431 2849 1576 2907 illud
1617 2850 1928 2922 impulerit,
1959 2858 2116 2909 tanto
2159 2852 2400 2925 longius
2419 2855 2491 2911 ab

776 2960 845 3003 eo
886 2946 1289 3003 removebitur.
1334 2945 1692 3018 Quapropter
1729 2954 1866 3006 ante
1907 2950 2120 3019 omnia,
2147 2950 2404 3027 maxime
2433 2952 2489 3009 in

778 3042 1114 3113 Theologia,
1170 3044 1243 3101 ab
1298 3045 1556 3101 oratione
1613 3048 2030 3117 auspicandum
2087 3055 2204 3117 est,
2247 3056 2386 3106 ‘non
2429 3055 2492 3107 ut

780 3140 995 3209 ubique
1036 3146 1092 3196 et
1118 3154 1412 3211 nusquam
1440 3148 1778 3213 praesentem
1807 3144 2076 3200 virtutem
2112 3145 2489 3215 attrahamuS‚

778 3236 877 3293 sed
906 3242 971 3293 ut
998 3236 1207 3293 divinis
1234 3240 1876 3297 commemorationibus
1913 3232 2492 3315 invocationibusqm

778 3348 883 3393 nos
923 3334 1077 3406 ips'os
1120 3334 1205 3393 illi
1247 3336 1524 3394 dedamus
1567 3344 1740 3409 atque
1779 3335 2078 3395 uniamus„
