2667 4259
487 436 770 475 mansuetu-

505 501 567 545 do
585 502 752 559 potius

495 572 768 624 imitanda,

501 655 654 700 quam
679 657 760 686 ze-

489 713 571 756 lus
599 713 770 758 Heliae.

415 771 426 782 ’
500 784 550 828 2.
575 783 692 829 Tim.
721 784 769 829 2.

590 855 674 899 24.

518 1428 632 1473 Lao.
661 1427 688 1472 ⁴.
702 1427 746 1474 5.

794 308 910 366 290
1269 327 1312 366 s,
1358 325 1603 368 mom-su
1648 326 2023 370 Ani-:omnum

794 427 930 484 liam
967 427 1222 500 jactites:
1266 429 1389 488 haec
1430 430 1583 488 enim
1610 431 1765 500 lesu,
1804 445 1839 488 a
1880 431 2181 502 discipulis
2204 435 2499 491 mansueti

797 527 988 584 adhuc
1018 527 1375 600 benignique
1402 529 1637 600 spiritus
1666 530 2011 600 expertibus,
2040 530 2293 588 audienti
2324 532 2505 588 mini-

798 641 906 692 me,
932 626 1288 698 placuerunt.
1334 628 1487 694 Quin
1530 635 1585 685 et
1624 635 1819 686 noster
1844 643 2079 700 quoque
2104 629 2503 687 divinissimus

799 725 1117 796 Praeceptor
1155 725 1216 782 in
1258 728 1699 786 mansuetudine
1752 727 1913 783 docet
1965 740 2061 783 eos
2111 727 2211 798 qui
2254 728 2358 784 Dei
2400 729 2503 785 do-

799 822 996 880 ctrinoe
1023 823 1429 881 adversantur:
1460 825 1649 882 doceri
1676 825 1892 896 quippe
1918 825 2505 897 ignarosssdecet,·nou

798 913 1092 992 suppliciis
1144 920 1293 980 affici
1309 938 1330 992 ς,
1382 923 1869 992 quemadmodum
1922 930 1979 980 et
2030 939 2207 981 caeeos
2264 925 2506 982 minime

799 1021 1141 1092 cruciamuS,
1183 1022 1279 1078 sed
1325 1035 1503 1078 manu
1544 1022 1826 1080 ducimus
1872 1023 2083 1080 Contra
2123 1037 2257 1080 vero
2284 1029 2351 1080 tu
2376 1024 2505 1081 viro

799 1121 1079 1190 respirare
1119 1121 1180 1177 in
1221 1121 1411 1178 lucem
1452 1121 1745 1180 inchoanti
1786 1121 2090 1194 colaphum
2132 1123 2504 1195 impingendo

801 1219 1096 1288 obstitisti,
1139 1219 1619 1290 accedentemque
1674 1235 1901 1279 summa
1954 1235 2090 1276 cum
2130 1222 2505 1291 verecundia,

799 1319 1098 1376 temerarie
1137 1318 1413 1389 repulisti,
1458 1319 1654 1390 illum,
1699 1333 1873 1390 quem
1916 1315 2107 1392 (quod
2146 1319 2377 1375 horrore
2419 1320 2507 1376 di-

801 1431 980 1488 gnum
1009 1415 1134 1490 est)
1167 1416 1427 1474 Christus
1453 1418 1514 1474 in
1539 1416 1835 1476 ‚montibus
1857 1417 2253 1474 ,errabundum
2280 1416 2505 1489 fugien-

734 1536 768 1584 f
803 1523 1034 1586 temque
1074 1522 1318 1588 revocat,
1349 1517 1563 1588 vixque
1602 1523 1895 1589 repertum
1936 1517 1995 1572 in
2032 1516 2309 1574 humeros
2337 1515 2505 1573 tollit.

800 1615 901 1686 Ne,
941 1629 1154 1685 quaeso,
1197 1620 1312 1672 tam
1354 1613 1503 1672 male
1531 1613 1695 1672 nohis
1724 1616 1860 1685 ipsis
1888 1614 2287 1685 con-sulamuS,
2316 1629 2507 1686 neque

801 1713 1056 1792 gladium
1111 1713 1188 1812 in,
1223 1714 1603 1785 nosmetipsos
1641 1713 2033 1784 impellamus:
2078 1713 2366 1784 siquidem
2406 1714 2508 1784 qui

800 1812 942 1870 alios
983 1812 1211 1886 iniuriis
1255 1812 1467 1870 violare
1510 1813 1597 1869 vel
1640 1821 1839 1872 contra
1880 1813 2069 1870 fovere
2097 1811 2393 1874 beneficiis
2420 1813 2506 1869 ni-

800 1916 1038 1980 tuntur,
1079 1911 1129 1967 si
1169 1911 1310 1967 forte
1352 1925 1483 1981 quae
1524 1911 1839 1982 voluerint,
1882 1911 2067 1968 facere
2103 1911 2503 1981 nequiverint,

802 2010 910 2068 sibi
937 2015 1128 2066 tamen
1149 2015 1248 2065 aut
1267 2009 1566 2080 malitiam,
1586 2010 1907 2066 secundum
1928 2009 2285 2080 propositum
2312 2020 2505 2078 suum,

803 2113 902 2164 aut
945 2107 1252 2165 honitatem
1282 2107 1684 2176 consciscunt,
1741 2109 1999 2178 adeoque
2052 2106 2145 2164 vel
2198 2105 2511 2163 virtutibus

805 2206 1029 2277 divinis,
1060 2205 1150 2264 vel
1179 2206 1461 2263 ferocibus
1489 2205 1851 2278 passionibus
1876 2206 2287 2278 implebuntur.
2319 2204 2511 2275 Atque

805 2305 889 2362 illi
932 2306 1164 2377 quidem
1205 2313 1533 2364 sanctorum
1576 2305 1927 2377 Angelorum
1961 2312 2267 2362 sectatores
2308 2319 2379 2362 ac
2421 2319 2509 2361 co-

806 2407 972 2466 mites
1013 2412 1068 2463 et
1107 2406 1202 2462 hic
1242 2412 1297 2462 et
1339 2406 1417 2462 ibi
1458 2421 1588 2462 cum
1632 2406 1789 2462 omni
1840 2421 2007 2476 pace,
2049 2411 2223 2476 atque
2264 2419 2298 2460 a
2341 2403 2511 2460 malis

808 2505 1074 2562 omnibus
1102 2505 1389 2574 libertate,
1420 2506 1478 2561 in
1509 2507 1853 2576 sempiterno
1880 2503 2093 2563 saeculo
2120 2504 2507 2561 beatissimam

809 2604 964 2672 illam
993 2604 1265 2675 requiem
1307 2605 1736 2674 hereditabunt,
1764 2604 2032 2674 quodque
2059 2603 2379 2658 maximum
2424 2607 2513 2658 est

808 2703 1094 2760 bonorum
1133 2703 1411 2772 omnium,
1455 2717 1587 2760 cum
1616 2703 1733 2759 Deo
1774 2716 1997 2772 semper
2032 2705 2235 2758 erunt:
2266 2699 2327 2754 hi
2356 2713 2510 2768 vero,

807 2801 909 2871 qui
950 2816 985 2858 a
1026 2801 1218 2858 divina
1259 2801 1431 2856 simul
1474 2815 1540 2856 ac
1582 2799 1685 2857 sua
1727 2813 1864 2870 pace
1906 2799 2193 2867 decidunt,
2236 2811 2370 2854 cum
2397 2795 2511 2866 hic,

807 2899 929 2957 tum
973 2907 1100 2971 post
1154 2905 1392 2956 mortem
1448 2910 1581 2956 cum
1645 2899 1931 2956 atrocibus
1986 2897 2107 2954 istis
2152 2896 2515 2955 daemonibus

809 3001 988 3056 futuri
1029 3006 1181 3056 sunt.
1229 2999 1609 3066 Quamobrem
1638 2999 1803 3054 nobis
1832 3012 2057 3054 summo
2086 2997 2277 3054 studio
2307 3009 2509 3053 curan-

809 3097 948 3154 dum
989 3102 1092 3168 est,
1136 3101 1200 3152 ut
1229 3097 1378 3154 bono
1406 3097 1523 3154 Deo
1550 3095 1962 3165 adhaereamus,
2004 3109 2343 3166 semperque
2370 3108 2507 3150 cum

756 3226 762 3230 -
809 3183 1052 3252 D'omino
1095 3207 1409 3265 versemur,
1440 3201 1494 3251 et
1536 3209 1652 3250 non
1695 3209 1824 3250 cum
1870 3192 2375 3264 malisjustissimo
2402 3189 2507 3246 Dei

801 3293 1018 3366 judicio
1060 3307 1443 3365 segregemur,
1472 3300 1644 3364 atque
1684 3308 1759 3348 ex
1800 3270 1961 3349 nobis
2004 3291 2140 3364 ipsis
2182 3305 2378 3362 poeuas
2408 3290 2503 3346 de-

806 3393 950 3450 bitas
993 3395 1318 3464 subeamus,
1364 3394 1517 3465 quod
1560 3407 1663 3464 ego
1707 3392 1955 3450 maxime
2002 3391 2257 3448 omnium
2304 3390 2504 3457 timec,
