2667 4259
508 313 578 355 na
608 312 819 357 ninius
846 312 1149 358 Nommrms
1172 328 1246 343 —
1268 312 1450 357 cAPu’r
1479 315 1598 359 vm.
1663 296 1668 305 '
1779 302 1888 361 231

206 414 296 472 fas
338 420 421 472 est
460 415 665 486 dicere,
707 416 1035 487 potentiam,
1074 416 1246 475 babet
1286 424 1350 475 ut
1401 416 1474 475 sit
1513 417 1586 475 ab
1637 418 1762 490 ipsa
1801 434 1893 477 sue

210 513 600 582 praessentiali
641 514 907 584 potentia.

287 613 377 667 Ex
437 612 577 683 ipsa·
612 618 747 669 sunt
813 594 1113 671 deiformes
1175 612 1582 685 Angelioorum
1632 616 1898 673 ordinum
1994 624 2039 678 s.
2079 622 2127 667 4.

210 710 479 780 potentiae
490 726 509 780 ;
552 726 625 768 ex
667 711 805 782 ipsa·
826 726 1058 783 quoque
1110 712 1321 769 habent
1370 720 1580 771 statum
1633 715 1896 771 immuta·-
1949 692 2032 738 Ex*
2061 694 2172 751 ’Ῥω

209 808 405 879 bilem,
446 824 553 867 nec
592 824 709 867 non
751 824 949 869 omnes
976 824 1113 867 suas
1134 811 1416 881 spiritales
1457 818 1514 869 et
1551 811 1898 899 immortales
1963 771 2165 880 „ft-{⁶2:2⁸

212 920 281 963 ac
322 914 621 977 perpetuas
660 908 959 979 motioneS,
986 908 1283 979 ipsamque
1322 910 1698 969 constantiam
1740 910 1898 968 boni·
1961 904 2172 962 Anqezo-

213 1020 327 1075 que
366 1006 701 1085 appetitum,
728 1006 839 1077 ¹qui
879 1008 1062 1065 minui
1102 1023 1219 1065 non
1258 1010 1454 1079 possit,
1494 1010 1568 1067 ab
1607 1010 1899 1067 immensae
1998 988 2128 1021 Μ’·

208 1102 483 1160 bonit-atis
524 1104 774 1175 potentia
816 1112 1173 1175 receperunt,
1198 1106 1370 1177 cujus
1405 1120 1645 1163 munere
1671 1104 1918 1176 habent,'

214 1208 279 1259 ut
320 1208 375 1257 et
416 1202 631 1272 possint
670 1209 723 1259 et
766 1202 880 1259 sint
919 1203 1045 1261 baec
1082 1204 1241 1273 ipsa„
1264 1216 1602 1277 semperque
1641 1219 1764 1263 esse
1803 1206 1898 1263 de·

211 1300 487 1369 siderent,
514 1299 569 1357 e't
596 1301 651 1359 id
680 1302 869 1372 ipsum
888 1316 1051 1372 posse
1072 1302 1390 1359 desiderare
1415 1318 1640 1373 semper
1664 1304 1898 1375 possint.

211 1604 509 1668 totamque
550 1605 815 1655 naturam
865 1599 1147 1655 universi:
1204 1600 1532 1657 corroborat
1579 1600 1732 1659 enim
1773 1598 1902 1670 illa,
1930 1628 1988 1665 π
2011 1622 2202 1667 anima-

202 1712 345 1768 .quae
386 1697 549 1755 unita
586 1704 745 1767 sunt,
782 1699 853 1755 ad
894 1706 1155 1757 mutuam
1194 1699 1501 1757 amicitiam
1541 1714 1612 1756 ac
1649 1712 1901 1757 commu·
1966 1691 2036 1737 ‘²'ss
2071 1692 2170 1737 ”⁵²¹¹

214 1795 469 1866 niobem,
508 1803 563 1853 et
602 1811 745 1867 quae
776 1796 1041 1855 distincta
1082 1804 1234 1868 suut,
1276 1804 1342 1854 ut
1382 1798 1698 1855 secundum
1737 1813 1902 1855 suam
1978 1774 2169 1877 ,ζ’ἒῇῗε.

216 1892 463 1965 quaeque
502 1894 775 1953 rationem
817 1909 883 1953 ac
924 1895 1308 1955 definitionem
1361 1896 1724 1975 impermixta
1759 1910 1900 1969 quo-

216 2006 331 2063 que
370 1998 426 2051 et
468 1991 771 2049 inconfusa
795 1992 1107 2051 consistant
1119 2009 1151 2062 3·
1168 2008 1275 2051 nec
1300 2008 1424 2051 non
1447 1994 1700 2053 universi
1723 1993 1900 2065 hujus
2013 1996 2117 2042 Hac

210 2091 447 2149 ordines
486 2106 555 2147 ae
595 2090 932 2151 directiones
984 2092 1044 2149 in
1100 2093 1250 2151 bono
1297 2094 1530 2165 proprio
1577 2099 1899 2161 conservat,
1928 2075 2208 2185 ωῗζζξζξω

210 2197 385 2261 atque
426 2190 773 2247 immortales
803 2191 1207 2263 Angelicarum
1235 2193 1522 2252 unitatum
1549 2193 1694 2249 vitas
1721 2192 1900 2249 invio·
1980 2217 2027 2255 et
2059 2220 2171 2254 con-

211 2289 433 2358 labileS,
474 2294 528 2346 et
569 2288 883 2345 caelestium
908 2288 1197 2345 luminum
1226 2290 1596 2361 siderumque
1635 2292 1898 2349 substan·
1929 2286 2207 2325 servantur.

211 2390 320 2445 tias
362 2394 534 2459 atque
575 2387 802 2445 ordines
843 2394 1031 2445 servat
1058 2386 1456 2457 immutabiles,
1487 2388 1808 2459 saecuiaque
1837 2394 1901 2445 ut
1975 2388 1978 2394 '

212 2502 345 2545 esse.
378 2486 595 2557 possint
635 2486 891 2558 indulget
905 2502 925 2556 3
965 2491 1285 2556 temporum
1315 2500 1546 2555 quoque
1585 2486 1899 2543 circumvo-

204 2584 463 2651 lutiones
514 2584 907 2657 progressibus
961 2583 1191 2655 quidem
1224 2582 1572 2655 distinguit,
1624 2585 1900 2641 reditibus

206 2698 353 2750 ‚vero
394 2682 606 2755 colligit
614 2700 632 2754 3
677 2690 733 2740 et
762 2683 909 2754 ignis
934 2682 1081 2739 vires
1108 2682 1448 2741 inextinctas
1475 2682 1628 2751 tacit,
1653 2697 1758 2741 nec
1783 2698 1901 2739 non

215 2797 385 2853 aquae
410 2782 626 2839 fluenta
652 2782 923 2853 perennia
937 2798 957 2852 3
984 2782 1197 2839 aeriam
1216 2796 1455 2853 ,quoque
1482 2780 1763 2839 fusionem
1793 2787 1898 2837 ter-

214 2882 415 2952 minat,
455 2888 626 2953 atque
666 2888 879 2939 terram
920 2895 1093 2952 supra
1134 2880 1378 2939 nihilum
1422 2880 1630 2950 firmat,
1661 2880 1902 2951 ejusque

215 2979 469 3036 vivificos
497 2985 693 3049 partus
722 2978 1177 3050 incorruptibiles
1218 2979 1492 3037 custodit:
1537 2979 1678 3051 quin
1707 2986 1762 3035 et
1789 2978 1900 3036 ele-

216 3084 543 3135 mentorum
586 3078 733 3135 inter
774 3093 834 3135 se
875 3078 1304 3149 congruentiam
1361 3084 1532 3149 atque
1573 3076 1902 3160 temperiem

218 3166 577 3235 inconfusam
606 3183 659 3233 et
688 3175 989 3233 indivisam
1017 3182 1221 3247 servat,
1249 3182 1422 3253 atque
1449 3176 1654 3233 animae
1697 3180 1752 3233 et
1779 3189 1900 3233 cor·

218 3278 371 3348 poris
399 3290 608 3335 nexum
638 3278 905 3347 continet,
933 3276 1313 3347 stirpiumque
1339 3276 1574 3351 altrices·
1603 3276 1905 3333 auctrices-

216 3380 333 3447 que
372 3374 523 3433 vires
563 3376 826 3455 su-scitat;
868 3388 975 3432 nec
1014 3387 1131 3431 non
1168 3372 1497 3431 essentiales
1537 3388 1729 3431 rerum
1783 3388 1902 3431 om·
