2667 4259
545 242 625 285 nn
654 219 864 286 bwmis
890 242 1199 289 worumnus
1223 262 1293 275 -
1322 245 1508 307 effu-g
1535 246 1607 290 w.
1817 232 1927 291 179

226 354 428 397 eorum
464 353 595 411 quae
624 344 684 398 in
714 350 965 415 tempore
992 353 1145 417 sunt,
1177 347 1394 405 circulo
1422 349 1706 406 confectos
1734 350 1933 406 distin-

226 445 439 508 guent,
482 447 816 511 numerant,
860 444 1143 513 ordinant,
1188 451 1243 500 et
1282 422 1594 502 continent.
1643 445 1792 511 Quid
1833 460 1934 502 au-

224 540 341 591 tem
385 536 609 593 dicatur
650 538 719 594 de
760 540 999 608 ipsomet
1026 521 1187 597 radio
1228 541 1408 597 solis?
1447 556 1482 597 a
1523 556 1750 598 summo
1778 541 1936 596 enim

222 631 374 688 bono
429 632 627 690 lumen
688 636 1097 706 proficiscitur,
1154 643 1209 693 et
1260 638 1448 715 imago
1499 638 1767 695 bonitatis
1799 620 1933 693 est:

221 721 597 798 quemobrem
640 733 873 789 nomine
912 732 1151 789 luminis
1190 734 1411 791 bonum
1455 730 1743 804 laudatur,
1787 741 1931 815 tam·

220 840 397 895 quam
440 836 709 899 appareat
749 831 1002 901 primum
1032 830 1327 901 exemplar
1361 832 1428 887 fin
1461 833 1735 903 imagine.
1770 830 1932 887 Sicut

220 923 375 977 enim
418 924 640 981 bonitas
682 925 993 982 divinitatis
1020 940 1152 997 quae
1175 942 1364 997 ‚supra
1394 930 1598 984 emnia
1639 934 1742 999 est,
1772 942 1806 983 a
1833 941 1930 983 su-

218 1020 433 1089 premis
476 1028 529 1077 et
570 1025 1011 1092 provectissimis
1052 1026 1390 1081 substantiis
1427 1039 1614 1095 usque
1642 1025 1714 1081 ad
1742 1030 1930 1081 extre·

222 1128 363 1171 mas.
388 1120 671 1187 pervadit,
702 1126 757 1176 et
782 1120 971 1176 adhuc
999 1135 1173 1191 supra
1218 1122 1418 1178 omries
1459 1127 1561 1191 est,
1605 1122 1682 1177 ita
1725 1129 1790 1175 ut
1829 1136 1928 1177 ne·

222 1224 336 1279 que
376 1216 698 1284 superiores
738 1230 927 1285 usque
968 1217 1041 1273 ad
1082 1218 1238 1273 illius
1276 1218 1675 1275 excellentiam
1717 1217 1932 1293 pertin7

226 1317 361 1377 gant
370 1328 392 1381 3
421 1327 529 1369 nec
557 1314 851 1369 inferiores
880 1314 1005 1383 eius
1032 1314 1312 1370 ambitum
1342 1320 1764 1384 pertranseant.;
1787 1314 1932 1384 quin

221 1410 413 1477 potius
456 1410 650 1465 omnia
692 1423 824 1477 quae
865 1408 1181 1465 illuminari
1221 1417 1464 1479 possunt
1505 1410 1832 1480 illuminat,
1869 1418 1932 1469 et

221 1511 398 1574 creat,
442 1510 499 1560 et
540 1505 715 1560 vitam
757 1505 869 1572 dat,
900 1510 957 1563 et
970 1506 1249 1575 continet,
1284 1513 1350 1563 et
1390 1508 1628 1577 perficit,
1673 1513 1728 1564 et
1768 1522 1928 1563 men-

220 1613 361 1655 sura
409 1605 497 1655 est
538 1613 740 1655 eorum
782 1614 912 1669 quae
940 1608 1119 1673 sunt,
1153 1609 1219 1659 =et
1260 1618 1480 1674 aevnm,
1507 1587 1578 1660 'et
1618 1618 1929 1673 numerus»,

2009 838 2106 885 Est
2140 850 2189 887 et

1971 922 2124 955 causa
2159 912 2234 956 Iu·-

1972 980 2144 1031 mim’s,
2185 988 2238 1025 ετ

2017 1062 2190 1093 rerum

1983 1119 2223 1163 omnium.

1999 1615 2084 1661 Sol
2119 1626 2196 1662 est

219 1701 277 1752 et
316 1696 489 1765 ordo,
548 1702 603 1751 et
644 1696 1019 1767 complexim,
1062 1705 1118 1754 et
1156 1714 1360 1769 causa,
1407 1706 1594 1769 atque
1633 1700 1775 1757 finis
1787 1717 1804 1770 3
1849 1700 1932 1757 sic
1962 1684 2122 1743 imaqo
2159 1687 2230 1731 αἱ·
2271 1736 2276 1741 -

216 1788 391 1849 etiam
422 1793 628 1869 ingens
660 1794 794 1863 iste,
838 1801 893 1850 et
930 1800 1081 1851 totus
1122 1796 1456 1865 splendidus
1475 1809 1813 1877 acsemper
1833 1796 1930 1867 :lu-

1979 1755 2105 1811 υὶηφ
2145 1758 2225 1800 bo-

2003 1824 2192 1869 nitatis.

218 1901 355 1944 cens
384 1886 489 1956 sol,
521 1888 711 1959 imago
746 1902 1017 1958 expressa
1036 1897 1126 1946 est
1155 1890 1364 1947 divinae
1405 1892 1694 1961 honitatiS,
1739 1898 1932 1961 quate-
2019 1912 2024 1915 ·

216 1998 331 2039 nus
366 1983 778 2040 tenuissimum
821 1986 961 2055 quid
1006 1985 1161 2043 illius
1190 1988 1325 2045 honi
1356 1988 1416 2043 in
1445 2001 1511 2044 eo
1540 1987 1742 2058 procul
1770 2003 1926 2047 reso-

219 2086 333 2151 nat,
365 2086 418 2136 et
446 2081 639 2136 omnia
680 2094 813 2149 quae
842 2096 975 2139 eum
1004 2084 1342 2153 participare
1369 2091 1612 2154 possunt
1651 2085 1924 2153 illustrat,

206 2184 273 2232 zet
313 2175 513 2233 lumen
555 2177 726 2233 hahet
754 2192 926 2248 supra
955 2186 1276 2249 extensum,
1308 2177 1464 2249 quod
1493 2181 1555 2234 in
1584 2180 1924 2235 universum

218 2273 507 2329 mundum
552 2273 650 2342 qui
674 2276 951 2343 cern-itur,
980 2280 1105 2329 tum
1134 2275 1508 2342 superiorem,
1538 2280 1662 2327 tum
1694 2274 1923 2329 inferio-

216 2382 356 2439 rem,
399 2369 701 2439 splendore
742 2371 1037 2427 radiorum
1080 2382 1320 2423 suorum
1363 2366 1733 2433 multiplicat:
1779 2374 1834 2423 et
1875 2370 1924 2423 si

215 2466 357 2536 quid
400 2480 533 2523 eum
575 2480 693 2523 nen
733 2466 1062 2536 participat,
1091 2476 1209 2519 non
1238 2461 1411 2518 estin
1453 2446 1627 2517 causa
1667 2462 1922 2519 imbecil-

202 2560 344 2619 'litas
386 2570 485 2620 aut
526 2548 773 2619 tenuitas
816 2562 1101 2619 facultatis
1144 2559 1547 2639 illuminandi,
1585 2559 1690 2615 sed
1735 2560 1922 2629 potius

214 2673 335 2717 rem
379 2660 559 2731 ipsam
602 2674 721 2717 non
763 2674 886 2716 esse
940 2660 1263 2731 expeditam
1305 2659 1389 2714 ad
1423 2657 1922 2727 participationem

213 2750 469 2827 luminiS,
492 2758 631 2827 quia
658 2764 779 2811 non
796 2755 869 2809 sit
890 2756 1094 2813 idonea
1113 2758 1187 2813 ad
1207 2754 1629 2812 admittendum
1651 2754 1815 2811 illud.
1838 2755 1923 2815 Ac
1955 2773 2042 2819 Sol
2063 2777 2234 2823 omnia

212 2868 413 2911 revera
436 2854 623 2925 mfulta
642 2854 725 2909 sic
746 2858 898 2922 sunt,
922 2866 1051 2922 quae
1080 2854 1274 2910 radius
1302 2852 1439 2909 solis
1468 2858 1922 2927 praetergressus,

214 2949 313 3008 illa
354 2964 489 3020 quae
530 2950 686 3006 ultra
726 2954 863 3004 sunt
912 2948 1231 3019 illuminat3
1284 2957 1341 3007 et
1391 2950 1534 3007 nihil
1586 2956 1672 3007 est
1719 2966 1919 3009 eorum

214 3062 347 3118 quae
391 3047 546 3104 cerni
592 3050 848 3117 possunt,
880 3058 995 3113 quo
1038 3059 1155 3102 non
1182 3048 1468 3118 pertingat
1493 3046 1578 3103 sol
1607 3048 1826 3117 ingenti
1864 3049 1922 3105 vi

213 3143 535 3215 splendoris
580 3143 687 3199 sui.
720 3142 872 3209 Quin
916 3141 1085 3197 etiam
1126 3143 1202 3197 ad
1240 3148 1434 3199 ortum
1463 3156 1770 3212 corporum
1809 3144 1922 3201 sub·

1962 2845 2220 2892 illuminat

2069 2923 2119 2960 et

1984 2984 2193 3043 perficit.

214 3254 453 3304 sensum
496 3239 820 3297 cadentium
862 3237 1097 3305 confert,
1146 3244 1203 3293 et
1254 3253 1323 3295 ea
1374 3248 1564 3297 movet
1603 3240 1676 3313 ad
1720 3241 1919 3306 vitam.
1977 3266 1980 3269 ⁴
