2667 4259
822 326 939 384 248
1294 342 1341 384 s.
1385 340 1630 384 oroxrsn
1672 308 2042 385 Animum-rat

819 441 1118 518 coagulata
1127 460 1148 517 ;
1191 444 1334 517 quin
1364 451 1432 525 ⁹et
1468 424 1561 503 sui
1600 459 1831 517 quoque
1882 442 1969 503 vel
2018 428 2293 502 extremis
2332 444 2495 503 totius

819 542 1074 601 universi
1115 542 1373 611 terminis
1413 544 1639 603 fruendi
1680 544 1900 615 copiam
1942 543 2088 616 facit,
2141 532 2336 603 omnia
2374 560 2495 601 eon·

817 642 1042 699 socians
1084 642 1415 715 unitatibuS‚
1458 642 1880 715 idemtitatibus‚
1912 624 2244 714 unionibuS,
2274 657 2495 716 congre·

820 740 1160 813 gationibuS,
1195 742 1334 800 dum
1376 740 1589 799 seilicet
1628 738 1819 799 div'ina
1859 756 1975 815 pax
2013 741 2306 800 indivulsa
2333 742 2496 814 persi·

817 838 934 913 stit,
974 846 1030 898 et
1071 838 1131 897 in
1171 856 1288 898 uno
1331 847 1537 898 cuncta
1576 841 1941 911 demonstrat,
1972 846 2027 897 et
2054 840 2128 899 ad
2160 840 2355 899 omnia
2382 854 2495 913 per·

816 922 1014 1011 tingit,
1072 947 1127 997 et
1178 954 1212 995 a
1265 926 1493 1011 propria
1545 954 1834 1011 nusquam
1895 938 2210 997 idemtitate
2264 939 2496 999 recedit:

815 1050 953 1096 nam
993 1036 1067 1094 ad
1109 1040 1300 1095 omnia
1332 1036 1601 1113 procedit,
1630 1038 1835 1110 suique
1862 1036 2355 1109 participationem
2389 1052 2495 1095 om·

815 1134 988 1194 nibus
1015 1135 1274 1211 indulget
1299 1136 1615 1195 seeundum
1644 1137 1925 1211 cujusque
1951 1138 2373 1210 proprietatem,
2402 1148 2497 1193 nec

748 1227 753 1238 ’
816 1249 935 1294 non
975 1236 1226 1309 pacifieae
1265 1235 1645 1295 redundantia
1692 1234 1959 1297 bonitatis
2000 1238 2296 1307 exuberat,
2334 1243 2499 1309 atque

528 1617 776 1672 Quomodo

505 1702 612 1749 pax
660 1689 789 1734 inter

515 1766 584 1806 tot
613 1766 661 1805 et
687 1766 788 1804 tam

524 1831 778 1887 contrariu

531 1901 769 1949 servetur.

583 3208 628 3263 S.
671 3206 718 3253 t.
757 3223 763 3236 =

531 3278 780 3331 Quomodo

511 3361 613 3406 pax
647 3351 697 3401 in
729 3352 790 3397 iis

525 3433 630 3478 ‹111oe
655 3434 789 3491 sent·-

813 1340 1007 1392 manet
1047 1348 1148 1405 per
1188 1350 1489 1393 excessum
1530 1334 1759 1393 unionis
1811 1341 1927 1393 tota
1964 1336 2039 1393 ad
2080 1342 2294 1407 totam,
2336 1334 2492 1393 etiam

816 1430 1133 1490 secundum
1174 1449 1234 1491 se
1276 1434 1455 1505 ipsam
1496 1439 1672 1493 totam
1711 1416 1956 1507 desuper
1996 1434 2179 1493 unita.

898 1530 1007 1589 Sed
1049 1534 1352 1606 quomodo,
1396 1533 1543 1591 dicet
1581 1530 1823 1605 aliquis,
1867 1535 2061 1593 omnia
2101 1548 2305 1611 pacem
2344 1546 2494 1603 appe-

819 1629 990 1687 tunt?
1040 1646 1170 1689 eum
1219 1646 1312 1689 res
1362 1630 1625 1703 plurimae
1668 1631 2001 1690 diversitate
2039 1647 2106 1689 ae
2150 1629 2493 1691 distinetione

817 1726 1118 1802 gaudeant,
1159 1745 1348 1803 neque
1389 1744 1649 1803 unquam
1682 1737 1883 1804 sponte
1916 1745 2022 1790 sua
2048 1720 2233 1788 velint
2260 1732 2492 1803 quiesce·

818 1842 896 1886 re.
941 1820 1117 1911 Atqui
1167 1826 1214 1886 si
1269 1808 1653 1890 diirersitatem
1693 1836 1866 1901 atque
1908 1829 2365 1900 distinctionem,
2404 1824 2492 1899 qui

815 1926 900 1984 sic
939 1926 1209 2011 loquitur,
1250 1928 1535 2002 cujusque
1560 1926 1643 1986 rei
1668 1928 2069 2003 proprietatem
2112 1943 2241 1987 esse
2280 1930 2491 1994 asserat,

815 2038 952 2082 eum
992 2039 1082 2082 res
1122 2024 1314 2095 nulla,
1358 2022 1496 2083 dum
1549 2026 1608 2083 in
1660 2040 1767 2085 suo
1816 2033 1969 2084 statu
2014 2033 2342 2101 permanet,
2380 2036 2493 2082 eam

814 2120 1000 2195 perire
1045 2121 1202 2194 velit,
1244 2137 1350 2180 nos
1391 2122 1473 2180 illi
1517 2122 1753 2181 minime
1793 2124 2276 2198 repugnabimus,
2312 2124 2406 2182 sed
2443 2120 2491 2178 id

815 2219 1006 2293 ipsum
1067 2234 1298 2292 quoque
1357 2221 1511 2294 pacis
1576 2220 1924 2281 desiderium
1986 2238 2110 2281 esse
2175 2228 2487 2282 statuemus.

816 2315 1029 2375 Amant
1069 2318 1221 2377 enim
1263 2319 1456 2377 omnia
1496 2335 1629 2378 cum
1671 2319 1987 2393 semetipsis
2028 2336 2230 2393 pacem
2269 2320 2489 2388 habere,

815 2422 990 2488 atque
1029 2432 1151 2475 esse
1191 2418 1518 2492 conjuncta,
1548 2434 1798 2477 necnon
1826 2434 1889 2477 se
1914 2434 2137 2491 suaque
2174 2420 2363 2478 omnia
2399 2418 2489 2473 im·

816 2521 973 2573 mota
1011 2522 1066 2573 et
1107 2516 1285 2574 illaesa
1331 2518 1646 2588 persistere.
1704 2518 1774 2575 Et
1826 2524 1913 2575 est
1965 2518 2217 2591 perfecta
2259 2518 2354 2576 illa
2391 2525 2491 2586 pax

817 2613 1658 2689 uniuscujusque.proprietatis
1695 2614 2071 2688 impermixtae
2098 2612 2487 2679 conservatrix,

818 2725 920 2783 per
957 2711 1340 2784 providentias
1380 2726 1533 2783 suaS,
1568 2712 1737 2783 pacis.
1762 2710 2095 2787 largitrices,
2125 2714 2321 2772 omnia
2356 2712 2487 2768 inter

818 2807 1004 2883 seipsa
1043 2816 1099 2867 et
1138 2826 1271 2869 eum
1312 2810 1439 2867 aliis
1480 2810 1603 2867 sine
1642 2810 1918 2870 seditione
1944 2818 1999 2869 et
2032 2810 2361 2872 confusione
2396 2820 2483 2863 cu·

819 2908 1087 2980 stodienS,
1129 2914 1300 2982 atque
1341 2906 1532 2966 omnia
1570 2909 1760 2967 stabili
1800 2916 1855 2968 et
1896 2924 2184 2981 nusquam
2218 2908 2485 2969 deelinan-

819 3012 874 3065 te
934 3010 1184 3080 potentia
1235 3009 1308 3067 ad
1366 3008 1619 3092 ipsorum
1680 3024 1877 3082 pacem
1938 3008 2487 3076 immobilitatemque

817 3086 1130 3163 stabiliens

901 3202 959 3261 Si
987 3210 1192 3263 cuncta
1217 3220 1387 3279 porro
1415 3221 1547 3278 quae
1575 3211 1893 3281 moventur,
1930 3206 2165 3267 minime
2193 3207 2481 3281 quiescere,

820 3290 919 3363 sed
960 3302 1093 3362 cieri
1134 3320 1358 3380 semper
1397 3322 1501 3364 suo
1542 3313 1701 3366 motu
1754 3306 1957 3379 velint,
2001 3308 2091 3365 vel
2136 3308 2182 3365 is
2224 3308 2337 3381 ipse
2374 3314 2479 3359 mo·

821 3404 988 3463 vendi
1031 3420 1090 3463 se
1131 3404 1409 3479 appetitus
1436 3406 1509 3488 ad
1543 3406 1793 3467 divinam
1836 3405 1992 3468 illam
2035 3422 2228 3483 pacem
2272 3402 2480 3464 univer·
