2667 4259
473 420 583 464 Lu'e.
623 417 702 466 16.

471 495 482 504 '
543 489 630 534 40.

517 832 564 884 8.
604 829 652 875 t.

465 900 699 944 Subordi-

517 971 656 1014 metio

497 1041 678 1096 ubique

466 1109 712 1154 servanda

537 1188 626 1224 est.

478 2769 676 2828 Duplex

443 2848 698 2897 peccatum

478 2911 660 2962 Demo·

501 2981 564 3037 ph
573 2981 643 3027 ili.

759 293 876 349 288
1239 311 1283 350 s.
1328 309 1577 351 momsu
1619 307 1995 350 ancoram-rat

759 409 872 468 tem
889 427 905 480 ;
945 417 1000 469 et
1041 411 1142 482 qui
1185 412 1491 481 civitatem,
1522 411 1691 507 etiam
1722 418 1983 482 gentem:
2014 416 2187 482 alque
2216 419 2281 468 ut
2309 417 2465 470 sum-

756 510 956 566 matim
999 510 1186 566 dicam
1224 509 1395 580 juxta
1435 523 1631 564 vocem
1673 509 1960 580 Veritatis,
1998 510 2101 580 qui
2141 511 2202 568 in
2242 512 2471 568 modico

757 609 944 665 fidelis
970 615 1072 677 est,
1102 609 1273 664 etiam
1304 609 1367 664 in
1394 607 1577 664 multo
1606 607 1793 667 fidelis
1822 609 1929 664 erit
1939 625 1957 679 ;
1980 615 2035 664 et
2062 609 2166 679 qui
2194 609 2255 666 in
2285 609 2469 666 modi·

755 721 824 762 co
851 705 1116 777 infideliS,
1147 712 1202 762 et
1229 706 1292 761 in
1317 704 1505 762 multe
1532 720 1765 775 quoque
1794 704 2043 783 infidelis
2070 706 2195 764 erit.

837 805 963 876 lpse
1004 818 1138 876 ergo
1180 803 1477 878 cupidi-tati
1515 817 1583 859 ac
1621 803 1819 873 furori,
1850 804 2194 875 rationique,
2240 805 2323 862 uti
2364 819 2471 876 par

753 911 856 972 est,
899 917 1004 960 sua
1045 904 1258 972 cuique
1299 902 1501 957 munia
1540 903 1874 972 praescribe,
1918 903 2021 959 tibi
2062 903 2295 960 interim
2335 903 2467 960 Dia·

753 1003 914 1072 coni,
955 1008 1011 1058 et
1051 1001 1142 1057 his
1172 997 1534 1068 SacerdoteS,
1564 1000 1848 1056 Praesules
1881 1013 2013 1056 vero
2044 982 2467 1071 Sacerdotil'iuS,

751 1107 926 1170 atque
964 1099 1318 1156 Praesulibus
1347 1097 1623 1168 Apostoli,
1652 1113 2127 1168 successoresque
2170 1099 2467 1170 Apostolo-

751 1211 900 1254 rum.
933 1196 1006 1252 At
1035 1197 1218 1265 siquis
1259 1195 1403 1252 forte
1442 1195 1615 1252 etiam
1656 1195 1809 1252 inter
1846 1195 1977 1252 illos
2000 1210 2041 1252 a
2067 1197 2275 1253 decoro
2302 1198 2467 1254 aber-

749 1295 917 1364 rarit,
961 1295 1010 1350 is
1051 1307 1084 1350 a
1125 1294 1339 1350 sanctis
1380 1292 1472 1348 sui
1514 1293 1731 1348 ordinis
1770 1293 2124 1364 corrigatur,
2152 1293 2235 1349 sic
2270 1307 2468 1362 neque

750 1395 892 1450 ordo
933 1393 1120 1450 ordini
1164 1391 1619 1464 permiscebitur,
1664 1393 1869 1448 verum
1899 1391 1959 1446 in
1988 1391 2189 1448 ordine
2216 1389 2469 1460 quisquo

751 1505 858 1548 suo
899 1497 970 1547 et·
995 1489 1186 1547 officio
1229 1488 1565 1544 versabitur.
1612 1489 1803 1557 Atque
1843 1488 1967 1544 haec
2008 1487 2245 1557 quidem
2284 1485 2386 1544 tibi
2430 1502 2465 1543 a

749 1587 916 1644 nohis
957 1587 1110 1644 dicta
1149 1585 1294 1655 sint,
1339 1593 1405 1655 ut
1446 1591 1501 1641 et
1542 1585 1687 1642 scias
1728 1590 1784 1641 et
1824 1585 1999 1641 facias
2040 1598 2171 1654 quae
2202 1584 2286 1640 tui
2326 1567 2467 1640 sunt

745 1686 1027 1742 muneris
1085 1687 1262 1742 Porro
1305 1685 1377 1740 de
1420 1683 1521 1739 illa
1561 1683 1623 1740 iu
1664 1683 1855 1739 virum
1898 1680 2009 1754 (ut
2046 1681 2174 1754 ais)
2218 1681 2463 1752 impium

751 1796 818 1841 ac
859 1785 1147 1855 perditum
1190 1782 1573 1850 immanitate,
1618 1781 1811 1837 nescio
1853 1795 1971 1851 quo
2010 1781 2151 1837 fletu
2192 1779 2462 1851 plangam

751 1881 1153 1938 contritionem
1197 1879 1552 1937 dilectissimi
1580 1880 1711 1948 mei,
1742 1879 1911 1950 cujus
1940 1878 2153 1934 scilicet
2182 1877 2460 1936 cultorem

750 1986 806 2035 te
847 1978 1141 2034 arbitraris
1183 1992 1216 2032 a
1257 1975 1847 2056 nobis-constitutum
1888 1989 2029 2045 esse,
2060 1975 2173 2032 nisi
2215 1979 2365 2032 certe
2394 1973 2459 2034 il.-

749 2075 863 2130 lius
904 2073 1116 2130 summi
1159 2073 1294 2130 honi
1337 2072 1525 2128 cultor
1552 2087 1629 2142 es,
1660 2074 2009 2142 profecto‘et
2050 2087 2083 2128 a
2126 2072 2307 2143 nobi&
2336 2087 2457 2128 om.-

748 2171 888 2228 nino
929 2177 984 2228 et
1025 2170 1098 2226 ab
1139 2171 1296 2226 omni
1340 2176 1549 2226 nostrae
1578 2169 1871 2240 religionis
1914 2169 2074 2226 cultu
2116 2168 2340 2228 alienus
2378 2169 2459 2226 sis

739 2266 980 2326 'necesse
1019 2273 1123 2338 est,
1166 2269 1385 2338 tibique
1422 2268 1544 2338 jam
1571 2268 1727 2323 Deus
1768 2267 1918 2324 alius
1962 2267 2313 2340 quaerendus
2354 2272 2458 2335 est,

745 2373 920 2438 atque
960 2365 1055 2423 alii
1101 2365 1451 2434 SacerdotcS,
1493 2371 1561 2421 ut·
1600 2365 1752 2435 apud
1794 2364 1925 2422 illos
1974 2364 2227 2422 effereris
2270 2364 2459 2434 potius

745 2481 922 2536 quam
965 2463 1224 2534 initieriS,
1266 2465 1589 2534 evadasque
1616 2463 1817 2520 amieae
1846 2463 1945 2520 tibi
1973 2461 2323 2522 crudelitatis
2348 2462 2459 2520 mi-

745 2563 926 2619 nister
967 2562 1359 2633 implacabilis
1380 2561 1630 2619 ·Scilie'et
1670 2575 1777 2617 nos·
1816 2560 1926 2630 ipsi
1960 2560 2137 2630 plane
2178 2543 2363 2618 sancti
2404 2565 2461 2616 et

742 2662 976 2731 perfecti
1019 2675 1240 2731 sumuS,
1269 2666 1324 2718 et
1354 2661 1561 2716 divinae
1588 2660 1909 2724 clementiae
1934 2659 2173 2728 minime
2200 2673 2451 2730 egemus.

740 2760 1037 2829 Numquid
1079 2757 1295 2828 duplici
1334 2762 1567 2828 peceato
1624 2753 1731 2828 (ut
1786 2757 2033 2815 oracula
2086 2757 2407 2826 loquuntur
2419 2756 2451 2831 ')

743 2858 1050 2929 impiorum
1093 2871 1253 2914 more
1295 2855 1871 2924 delinquimus-dum
1899 2855 2217 2918 nescientes
2246 2857 2305 2913 in
2336 2871 2454 2927 quo

739 2955 1108 3025 offendimus,
1150 2953 1529 3023 nosmetipsos
1569 2944 1805 3028 insuper
1840 2952 2243 3025 justificamus
2286 2961 2454 3026 puta-

685 3051 693 3068 '
739 3065 990 3123 musque
1031 3065 1136 3107 nos
1177 3051 1388 3120 videre,
1434 3065 1567 3106 cum
1608 3051 1848 3108 minime
1876 3052 2211 3110 videamus?
2242 3053 2450 3110 Obstu-

740 3150 866 3220 puit
906 3148 1113 3205 caelum
1154 3162 1328 3219 super
1381 3148 1518 3219 hoc,
1582 3155 1637 3205 et
1688 3149 1962 3208 exhorrui
2012 3164 2147 3222 ego,
2193 3150 2451 3221 mihique

742 3249 862 3318 ipse
903 3245 1000 3302 vix
1041 3247 1226 3303 crede.
1285 3245 1554 3316 illudque
1608 3246 1711 3304 tihi
1766 3253 1991 3306 certum
2030 3247 2122 3318 sit,
2165 3248 2278 3306 nisi
2320 3255 2445 3306 tuas

679 3327 682 3330 ⁴
740 3348 861 3418 ipse
880 3346 1073 3403 literas
1093 3344 1357 3416 legissem
1374 3341 1542 3416 (quas
1564 3343 1785 3412 utinam
1806 3344 2076 3404 vidissem
2099 3349 2445 3422 numquam)
