2667 4259
521 317 592 360 ne
621 317 830 360 mvxms
858 317 1162 362 iconismos
1191 334 1265 348 -
1297 319 1479 362 carui·
1509 319 1608 362 xu.
1798 291 1913 364 255³

214 421 368 480 idem
407 427 493 479 est
536 422 692 492 quod
731 421 995 493 firmatio,
1026 421 1453 483 firmamentum
1482 429 1537 480 et
1564 421 1816 493 firmum,
1845 437 1915 480 ac

106 585 114 592 ,
213 521 453 579 firmans
494 535 598 578 seu
637 521 944 579 mitificans,
986 521 1176 580 Deitas
1216 527 1410 579 autem
1452 521 1603 592 idem
1632 527 1718 578 ost
1742 527 1919 592 atquc

213 618 474 678 omnium
518 620 822 693 conspicax
873 619 1280 692 providentia,
1310 619 1616 693 omnigena
1666 619 1919 678 bonitate

214 719 422 774 cuncta
461 716 924 788 circumspiciens
965 713 1398 792 continensque,
1440 725 1510 783 et,
1536 719 1720 790 seipsa
1760 733 1913 776 com·

211 814 376 888 plens
415 820 590 888 atque
631 815 956 874 transiliens
1008 816 1276 875 universa
1331 832 1465 889 quae
1505 817 1685 891 ipsius
1724 815 1913 888 provi-

211 913 406 974 dentia
448 914 742 972 fruuntur.

297 1013 431 1071 Haec
471 1013 668 1085 itaque
705 1013 898 1072 omnia
935 1015 1008 1072 de
1057 1028 1232 1072 causa
1283 1013 1385 1070 illa
1436 1011 1915 1078 transcendentali
2014 1013 2060 1067 S·
2100 1011 2147 1056 3-

211 1111 472 1188 absolute
511 1112 874 1183 praedicanda
910 1119 1064 1185 sunt,
1091 1115 1555 1186 addendumque,
1582 1113 1763 1185 ipsam
1792 1127 1915 1172 esse
1950 1083 2055 1199 ⁰22
2070 1093 2222 1199 ἵζει

212 1225 388 1284 supra
403 1209 772 1270 ‘eminentem
812 1211 1187 1282 sanctitatem,
1229 1218 1407 1283 atque
1446 1212 1913 1298 dominationem,
1962 1225 2197 1284 pra-‹1100-

215 1316 276 1368 et
312 1326 556 1384 regnum
597 1310 856 1369 omnium
909 1325 1274 1383 supremum,
1317 1309 1915 1381 simplicissimamque
2040 1304 2133 1408 ‘3‘ss

211 1410 522 1468 Deitatem:
563 1409 846 1482 siquidem
889 1425 964 1468 ex
1002 1410 1126 1482 ipsa
1164 1409 1535 1482 singulariter
1572 1415 1629 1466 et
1664 1408 1913 1467 ubertim
1951 1375 2209 1482 ⁸“”‡,'2‚“⁸'

216 1509 499 1567 emanavit
539 1517 712 1581 atque
751 1508 962 1568 diffusa
1002 1516 1088 1568 est
1125 1509 1314 1568 omnis
1353 1523 1512 1568 mera
1537 1507 1805 1580 perfectio
1830 1513 1915 1564 to-

213 1607 335 1664 tius
375 1608 612 1666 sincerae
651 1608 936 1680 puritatis,
963 1614 1019 1666 et
1043 1608 1232 1666 omnis
1273 1621 1471 1666 rerum
1510 1606 1802 1678 dispositio
1830 1611 1914 1663 at-

222 1721 336 1780 que
375 1705 692 1779 distinctio,
734 1722 866 1779 quoe
919 1707 1423 1765 inconcinnitatem
1464 1711 1519 1764 et
1558 1703 1915 1778 inaequalita-

214 1811 332 1864 tem
363 1849 376 1864 .
392 1819 460 1862 ac
520 1805 1031 1878 disproportionem
1091 1806 1433 1864 exterminat
1451 1847 1477 1874 ,.
1524 1811 1579 1862 et
1638 1803 1711 1864 ad
1771 1803 1917 1861 hene
1964 1825 1975 1838 ·

214 1904 532 1963 ordinatam
575 1903 946 1962 idemtitatem
985 1918 1054 1962 ac
1092 1903 1495 1968 rectitudinem
1535 1902 1819 1973 informat,
1848 1916 1919 1958 ac

214 2003 466 2062 continet
493 2002 592 2061 illa
619 2018 750 2075 quae
771 2003 892 2076 jam
921 2001 1095 2076 digna
1122 2002 1361 2061 ruerunt
1386 2001 1511 2075 ejus
1540 2000 1916 2073 participatio·

215 2115 320 2184 ne3
365 2100 508 2174 quin
549 2101 719 2162 etiam
761 2108 844 2160 est
884 2103 1159 2174 perfecta,
1187 2109 1244 2161 et
1283 2101 1471 2161 omnis
1498 2101 1758 2158 omnium
1787 2113 1921 2170 quae

211 2201 452 2274 pulchra
492 2207 630 2260 sunt
667 2202 965 2273 possessio,
1008 2207 1066 2259 et
1105 2201 1291 2258 omnis
1319 2200 1517 2260 divina
1540 2197 1917 2270 providentia,

213 2313 346 2372 quae
385 2297 803 2372 contemplatur
843 2305 900 2356 et
937 2304 1233 2356 conservat
1271 2313 1341 2356 ea
1380 2297 1595 2369 quibus
1636 2294 1883 2354 consulit
1897 2314 1929 2349 ,-.

211 2414 392 2472 seque
431 2398 676 2472 benigne
715 2398 907 2472 effert,
947 2400 1021 2457 ad
1061 2398 1419 2456 formandam
1469 2397 1532 2456 in
1580 2395 1661 2455 eis
1702 2395 1803 2468 qui
1842 2395 1916 2452 ad

211 2495 402 2570 ipsum
443 2503 859 2556 convertuntur
897 2496 1267 2555 divinitatem.

301 2596 582 2663 Quoniam
635 2603 828 2655 autem
878 2595 1280 2654 universorum
1319 2602 1521 2652 auctor
1558 2607 1753 2652 rerum
1791 2606 1913 2650 om·
2016 2595 2060 2652 S·
2102 2593 2149 2639 4·

213 2692 382 2770 nium
424 2691 790 2765 plenissimus
829 2701 934 2766 est,
974 2694 1293 2754 secundum
1334 2708 1531 2764 unam,
1574 2707 1705 2766 quae
1730 2690 1913 2751 omni·
1948 2665 2223 2782 oggrjfz’t'ss‘

211 2794 340 2851 hus·
367 2792 674 2865 antecellit,
712 2793 1112 2852 excellentiam
1155 2793 1399 2850 Sanctus
1440 2799 1771 2860 sanctorum
1810 2804 1914 2849 no·
2013 2808 2150 2854 Deus

212 2893 502 2968 minatur,
544 2892 632 2952 uti
671 2899 726 2952 et
767 2899 971 2952 caetera
1021 2894 1341 2971 secundum
1380 2903 1733 2964 supraquam
1774 2903 1913 2948 exu·
1978 2886 2181 2924 ’σηοω

211 2995 508 3052 herantem
550 2966 801 3065 causam,
843 2998 900 3050 et
922 2973 1208 3050 eximiam
1248 2991 1719 3064 praecellentiam,
1761 2996 1826 3048 ut
1864 2989 1916 3046 si
1966 2958 2152 3068 ,22:1⁰³ss
2144 3027 2203 3068 ω

223 3092 357 3166 quis
397 3092 634 3150 dixerit:
679 3092 906 3160 Quanto
931 3097 1202 3174 praestant
1227 3097 1439 3164 sancta,
1467 3090 1557 3150 vel
1580 3089 1795 3163 divina,
1823 3090 1915 3149 vel

211 3190 601 3261 dominantia,
645 3189 736 3250 vel
790 3189 946 3262 regia
998 3189 1068 3246 iis
1122 3204 1252 3261 quae
1306 3205 1425 3260 non
1466 3195 1603 3246 sunt
1642 3189 1816 3260 talia,
1858 3197 1915 3246 et

209 3303 416 3348 rursus
469 3290 604 3363 ipsae
644 3304 745 3364 per
797 3303 860 3346 se
910 3287 1371 3364 participationes
1409 3288 1877 3362 participantibus
1892 3305 1911 3358 ;

210 3397 370 3452 tanto
409 3399 493 3450 est
529 3391 800 3464 ‚omnibus
841 3388 1169 3461 sublimior,
1213 3389 1312 3460 qui
1356 3395 1443 3464 est
1480 3403 1655 3462 supra
1696 3389 1906 3467 omnia,
