2667 4259
559 960 765 1017 §5-

566 1032 640 1081 θα
647 1030 697 1073 td

550 1112 695 1145 mem

518 1172 742 1215 Commu-

574 1242 675 1287 uio.

803 344 914 405 128
1277 364 1320 405 S.
1367 350 1612 417 mosrsu
1657 354 2031 405 A‘usoraoirffi

796 466 1163 522 evectionem.
1219 464 1386 531 Quod
1439 464 1486 523 si
1543 464 1714 520 modo
1768 444 2002 534 quoque
2053 468 2171 519 tam
2227 462 2508 522 Sacerdos

796 576 975 633 quam
1014 562 1304 620 adstantes
1347 572 1544 619 omnes
1585 561 1695 618 viri
1735 562 1922 619 saneti
1967 561 2261 619 initiatum
2301 576 2510 620 consa-

796 660 1001 730 lutent,
1029 674 1101 717 ex
1128 660 1238 718 hoc
1264 664 1520 717 sanctam
1549 659 1806 731 intellige
1833 660 2091 717 virorum
2125 658 2512 719 Deiformium

795 758 1138 829 societatem,
1173 757 1360 815 amice
1385 756 1495 817 sibi
1523 763 1728 814 mutuo
1755 756 1951 814 divina
1977 752 2113 814 (ium
2142 758 2342 815 laetitia
2357 770 2510 817 'eon-

794 854 1227 927 gratulantium.
1462 928 1470 937 ι

876 950 998 1009 Sub
1040 953 1215 1009 finem
1258 952 1509 1023 denique
1544 950 1818 1010 Sacerdos
1853 948 2143 1010 initiatum
2185 950 2390 1011 invitat
2433 954 2509 1013 ad

792 1051 1141 1123 praecipuam
1182 1048 1345 1107 iliam
1385 1050 1488 1107 Dei
1531 1051 2013 1121 communionem,
2041 1056 2240 1109 sancte
2263 1050 2369 1123 per
2395 1046 2508 1110 hoc

795 1149 1073 1219 indicam,
1116 1162 1252 1206 eum
1296 1150 1399 1220 qui
1442 1144 1700 1207 initiatus
1735 1156 1838 1220 est,
1867 1150 1916 1206 si
1941 1162 2078 1207 vere
2119 1150 2193 1207 ad
2221 1151 2508 1210 ‘monasti-

794 1262 929 1305 cum
971 1245 1125 1304 iilud·
1158 1246 1455 1320 singulare
1498 1232 1828 1304 institutum
1867 1243 2207 1320 pervenerit,
2249 1262 2370 1307 non
2413 1264 2506 1307 so·

794 1345 919 1403 lum
960 1358 1161 1403 eorum
1204 1358 1337 1417 quae
1375 1342 1449 1401 ad
1470 1342 1684 1415 -ipsum
1716 1343 2003 1415 pertinent
2035 1342 2504 1419 sacrorumspe-

794 1450 1070 1502 ctatorem
1113 1444 1250 1515 fore,
1291 1458 1402 1502 nec
1441 1458 1508 1500 ea
1547 1444 1850 1501 dumtaxat
1881 1444 2103 1501 ratione
2131 1440 2249 1515 qua
2275 1440 2508 1503 medius

794 1542 937 1601 ordo
962 1541 1035 1598 ad
1062 1540 1570 1602 sanctissimorum
1613 1540 2116 1603 sacramentorum
2145 1542 2506 1599 communio·

794 1652 929 1697 nem
968 1652 1371 1708 accessurum3
1407 1650 1610 1695 verum
1645 1636 1817 1695 etiam
1857 1635 2053 1695 divina
2091 1636 2329 1697 illorum
2369 1653 2508 1711 quae

794 1737 1043 1809 percepit
1084 1736 1586 1795 sacramentorum
1627 1736 1951 1808 cognitione
1978 1732 2210 1807 fretum,
2238 1736 2356 1794 alio
2381 1732 2504 1795 mo-

795 1834 869 1891 do
910 1846 1088 1905 quam
1126 1839 1364 1890 sanctus
1409 1832 1659 1904 populus
1699 1833 1788 1905 ad¹
1813 1830 2039 1889 divinae·
2067 1832 2506 1893 communionis

794 1931 1285 2003 participationem
1312 1929 1800 2001 promovendum.
1843 1930 2004 1989 Hane
2039 1930 2240 2003 utique
2267 1934 2344 1990 oh
2371 1946 2503 1991 eau-

794 2042 947 2100 sam,
988 2028 1165 2087 sacris
1206 2029 1380 2086 etiam
1421 2026 1761 2101 Ordinibus,
1798 2030 1910 2086 suh
1951 2030 2126 2087 finem
2167 2028 2505 2090 eorumdem

794 2126 1168 2184 sanctissimae
1208 2126 1671 2197 consecrationis,
1713 2127 2088 2185 divinissimae
2128 2128 2510 2188 Eucharistiae

794 2218 1139 2289 Communio
1164 2224 1414 2282 traditur
1451 2238 1487 2279 a
1526 2223 1804 2282 Pontifice
1831 2225 1933 2296 qui
1961 2225 2092 2283 illos
2120 2229 2505 2299 consecravit,

792 2336 913 2382 non
954 2317 1167 2382 ideirco
1206 2324 1424 2395 solum,
1467 2322 1625 2395 quod
1677 2324 2010 2381 divinorum
2051 2325 2340 2397 perceptio
2379 2335 2508 2398 my·

696 2412 703 2415 ’
792 2420 1098 2479 steriorum
1136 2420 1213 2479 sit
1252 2435 1482 2509 summa
1521 2422 1790 2493 quaedam
1832 2420 2142 2493 cujuslibet
2182 2423 2505 2482 Hierarohi·

794 2532 879 2577 cae
930 2520 1408 2591 participationis,
1463 2532 1666 2577 verum
1721 2520 1891 2577 etiam
1906 2563 1922 2590 ,
1979 2526 2046 2577 ut
2097 2534 2298 2580 omnes
2356 2523 2506 2581 sacri

796 2616 1039 2675 Ordines
1076 2615 1278 2689 ipsius,
1309 2614 1466 2687 quod
1493 2617 1956 2675 communicatur
1989 2618 2330 2679 divinissimi
2373 2634 2506 2679 mu-

794 2716 949 2771 neris
988 2728 1092 2785 pro
1135 2719 1307 2785 captu
1349 2726 1456 2771 suo
1495 2712 1800 2786 participes
1835 2716 2102 2787 existant,
2131 2718 2206 2775 ad
2233 2732 2358 2777 suae
2385 2720 2506 2777 dei-

794 2812 1077 2871 ficationis
1116 2810 1534 2885 promotionem
1571 2816 1748 2883 atque
1788 2813 2212 2884 perfectionem.
2257 2812 2504 2875 Conclu-

792 2924 925 2966 sum
967 2910 1144 2980 igitur
1181 2924 1217 2966 a
1255 2909 1424 2966 nobis
1465 2909 1622 2979 quod
1649 2917 1862 2968 sanctae
1891 2912 2124 2983 quidem
2153 2914 2508 2973 initiationes

792 3008 911 3063 sint
950 3008 1225 3078 expiatio,
1268 3013 1326 3063 et
1367 3005 1770 3079 illuminatio,‘,
1797 3004 1854 3067 'et
1902 3011 2206 3081 perfect103
2248 3008 2503 3073 'ministri

792 3118 929 3161 vero
968 3104 1084 3162 sint
1121 3104 1341 3162 ordinis
1383 3102 1713 3178 expiatorii,
1755 3108 2078 3165 sacerdotes
2119 3107 2468 3171 illustrantis
2483 3140 2504 3183 3

791 3200 1097 3262 Pontifices
1144 3204 1394 3274 denique
1443 3202 1776 3277 deiformes,
1826 3208 2296 3267 consummantis.
2343 3210 2504 3269 Ordo

790 3305 983 3359 autem
1034 3302 1137 3372 qui
1187 3302 1454 3371 expiatur
1503 3316 1798 3361 sacrorum
1849 3312 2082 3374 aspectu
2123 3313 2298 3379 atque
2341 3324 2498 3367 com-

792 3398 1067 3459 munione
1118 3398 1456 3469 frustratur,
1509 3402 1665 3471 quod·
1713 3400 1903 3459 adhuc
1947 3405 2260 3477 ‘expiationi
2311 3416 2498 3466 vac-et.
