2667 4259
753 264 873 324 258
1233 278 1280 321 s.
1323 277 1572 322 monrsn
1616 277 1995 324 mmmmm

751 398 922 456 canS,
963 383 1037 441 ad
1079 397 1279 442 omnes
1319 382 1546 442 divinas
1588 382 1996 454 intelligentias
2038 382 2209 464 viam⁴
2234 387 2479 458 sternat,

754 482 972 553 quibus
999 467 1286 552 excipitur
1325 481 1385 538 id
1424 480 1581 550 quod
1624 480 1785 538 omni
1812 481 2048 540 nomine
2075 482 2355 554 omnique
2384 497 2478 540 ra·

753 575 910 636 tion'e
963 593 1032 636 ac
1087 577 1412 651 cognitione
1453 577 1763 636 sublimius
1814 577 2039 650 existit,
2090 595 2316 652 nosque
2355 581 2481 638 Deo

755 675 1350 748 tandem-conjungit,
1373 681 1658 747 quantum
1686 675 1965 734 nimirum
1995 690 2129 734 cum
2158 691 2233 734 ex
2259 684 2477 748 nostra,

757 782 884 832 tum
923 789 1000 832 cx
1041 774 1223 847 ipsius
1263 780 1425 846 parte
1466 773 1592 832 fieri
1633 780 1835 845 potest.

835 872 970 930 Haec
989 887 1096 930 nos
1125 867 1324 930 divina
1352 871 1607 942 nomina,
1636 885 1769 942 quae
1800 872 2023 929 ratione
2050 870 2479 944 intelliguntur,

757 976 1028 1041 congesta
1081 983 1189 1041 pro
1240 969 1464 1042 viribus
1505 968 1921 1040 explicuimus,
1965 983 2083 1026 non
2126 967 2317 1027 solum
2357 983 2479 1028 non

755 1067 894 1125 satis
922 1079 1029 1138 pro
1055 1081 1257 1124 eorum
1286 1066 1490 1124 merito
1516 1081 1773 1140 congrue
1802 1063 1945 1139 (hoc
1971 1066 2127 1124 enim
2155 1066 2329 1124 etiam
2357 1065 2479 1125 An-

757 1164 870 1238 geli
914 1179 1045 1222 vere
1083 1163 1369 1238 dixerint)
1400 1165 1499 1220 sed
1528 1179 1719 1236 neque
1759 1164 1997 1236 paribus
2024 1162 2315 1237 laudibuS‚
2346 1167 2479 1237 qui·

755 1263 867 1322 hus
908 1264 982 1320 ab
1010 1260 1248 1334 Angelis
1275 1261 1670 1320 celebrantur:
1701 1262 1984 1332 siquidem
2015 1263 2481 1333 praestantissimi

756 1375 994 1434 quoque
1036 1359 1306 1432 'theologi
1349 1359 1531 1417 nostri
1572 1359 1665 1416 vel
1704 1359 2033 1417 novissimis
2071 1361 2244 1418 etiam
2284 1347 2484 1434 Angess

756 1461 828 1520 lis
871 1462 1113 1531 cedunt3
1169 1474 1371 1516 verum
1432 1459 1607 1518 etiam
1670 1459 1973 1531 'theologis
2026 1473 2480 1531 eorumqueras·

757 1559 926 1619 seclis
965 1570 1341 1630 nequaquam
1382 1570 1680 1628 suppares,
1708 1570 1744 1612 a
1771 1557 1985 1624 nostris
2014 1570 2251 1628 quoque
2281 1572 2478 1628 aequa·

757 1655 912 1714 libus
967 1656 1030 1714 in
1089 1654 1202 1712 hoc
1259 1653 1503 1714 laudum
1558 1667 1767 1726 genere
1820 1667 2181 1726 superamur.
2242 1654 2477 1726 Itaque,

758 1753 1046 1826 siquidem
1089 1759 1241 1812 recte
1281 1752 1393 1810 ista
1432 1752 1582 1810 dicta
1623 1753 1758 1823 sint,
1798 1759 1855 1810 et
1894 1752 1957 1810 in
1996 1751 2331 1812 divinorum
2375 1767 2477 1811 no·

759 1851 984 1908 minum
1027 1850 1431 1921 explanatione
1467 1862 1571 1921 pro
1599 1848 1836 1908 modulo
1875 1855 2073 1908 nostro
2115 1863 2321 1908 verum
2348 1865 2478 1909 sen·

757 1963 888 2006 sum
931 1948 1318 2020 attigerimus,
1374 1949 1434 2004 in
1490 1949 1776 2006 honorum
1827 1947 2088 2006 omnium
2141 1963 2379 2006 causam
2421 1947 2479 2006 id

757 2052 944 2103 totum
985 2044 1351 2103 referendum
1396 2050 1497 2116 est,
1527 2051 1593 2102 ut
1620 2059 1755 2114 quae
1793 2046 2048 2116 primum
2088 2052 2209 2102 tam
2250 2045 2480 2104 dicendi

701 2127 714 2136 ’
757 2157 932 2215 quam
989 2144 1136 2201 hene
1191 2143 1418 2202 dicendi
1462 2143 1791 2201 facultatem
1838 2125 2073 2203 dederit.
2118 2123 2215 2201 Ac‘
2244 2145 2293 2200 si
2336 2144 2479 2215 quid

756 2253 958 2313 eorum
1015 2255 1148 2312 quae
1201 2239 1291 2298 his
1348 2239 1697 2312 aequivalent
1750 2241 1823 2297 sit
1853 2241 2364 2312 ‘praetermissum,
2422 2241 2480 2299 id

756 2337 960 2396 iisdem
1003 2353 1240 2410 quoque
1278 2339 1601 2400 rationibus
1642 2353 1679 2396 a
1718 2339 1884 2396 nobis
1926 2339 1999 2396 ad
2040 2339 2201 2397 hunc
2239 2339 2481 2396 modum

757 2434 1146 2506 supplendum
1187 2435 1312 2493 erit.
1358 2435 1460 2492 Sin
1502 2449 1636 2492 vero
1681 2436 1805 2494 haec
1845 2435 1935 2493 vel
1980 2437 2175 2494 minus
2203 2443 2362 2494 recta
2387 2435 2479 2494 vel

757 2531 1089 2603 imperfecta
1115 2538 1272 2602 sunt,
1303 2540 1358 2590 et
1385 2547 1421 2589 a
1446 2534 1684 2590 veritate
1711 2532 1804 2590 vel
1832 2533 2069 2592 omnino
2097 2533 2188 2615 vel
2218 2548 2294 2590 ex
2320 2540 2481 2605 parte

755 2629 1221 2702 abberravimuS,
1263 2631 1374 2688 erit
1428 2630 1803 2690 humanitatis
1860 2637 1975 2688 tuae
2028 2630 2319 2702 corrigere
2361 2645 2479 2690 non

755 2733 958 2797 sponte
986 2727 1365 2799 ignorantem,
1388 2727 1763 2799 rationesque
1792 2742 2101 2801 suggerere
2126 2729 2347 2787 discere
2377 2743 2476 2787 cu·

753 2825 961 2895 pienti,
1003 2830 1062 2882 et
1101 2840 1174 2882 ex
1214 2841 1278 2882 se
1317 2825 1697 2883 insufficienti
1738 2841 1905 2897 opem
1948 2827 2117 2897 terre,
2158 2841 2481 2900 curareque

754 2921 1044 2980 nolentem
1087 2930 1389 2996 aegrotare:
1420 2929 1599 2994 atque
1640 2924 1755 2982 alia
1796 2925 2031 2996 quidem
2074 2939 2109 2982 a
2150 2931 2205 2982 te
2248 2925 2476 2998 excogi-

755 3024 890 3092 tata,
917 3019 1030 3080 alia
1057 3034 1191 3078 vero
1219 3021 1292 3078 ab
1321 3021 1449 3078 aliis
1480 3029 1767 3093 mutuata,
1797 3023 2153 3094 caeteroquin
2182 3023 2379 3080 omnia
2406 3037 2480 3080 ex

754 3115 880 3187 ipso
907 3117 1058 3176 bono
1084 3126 1333 3190 accepta,
1370 3119 1431 3176 in
1460 3133 1567 3177 nos
1596 3134 1829 3192 quoque
1868 3120 2148 3180 derivare.
2178 3121 2379 3192 Neque
2421 3126 2477 3177 te

753 3214 945 3286 pigeat
982 3215 1233 3274 amicum
1275 3215 1453 3276 hocce
1472 3217 1767 3276 ‘beneficio
1794 3219 2053 3278 afficere:
2085 3219 2274 3278 cernis
2302 3220 2475 3289 enim,

755 3314 840 3370 uti
871 3329 1072 3387 neque
1098 3330 1204 3374 nos
1233 3316 1342 3388 ipsi
1380 3317 1712 3392 quidquam
1755 3318 2046 3406 rationum
2088 3317 2477 3378 Hierarchica·
