2667 4259
512 300 586 343 ns
615 298 826 342 mvmis
849 290 1154 344 soummus
1187 315 1254 329 -
1289 298 1471 343 cAPu'r
1503 301 1626 343 xm.
1808 281 1921 343 257

209 402 404 473 ipsum
446 416 570 460 esse
611 403 984 474 determinat3
1028 409 1084 459 et
1124 402 1387 463 omnium
1428 410 1773 463 otmarum
1804 415 1923 457 om-

209 492 410 571 ilium,
454 506 510 557 et
550 498 726 557 simul
767 506 901 557 ante
927 496 1138 558 'omni'a
1179 507 1235 561 et
1275 494 1455 571 su‘pra
1506 499 1699 557 omnia
1754 499 1924 555 etiam

209 598 385 655 unice
427 612 688 670 oausam,
734 604 789 655 et
831 597 987 669 quod
1029 612 1204 670 supra
1246 597 1695 670 ipsumunum,
1742 586 1826 655 es't
1868 594 1926 653 id

193 695 366 767 -quod
430 703 516 753 est
577 703 633 753 et
691 696 884 769 'ipsum
945 709 1131 755 unum
1193 694 1574 767 determinat,
1637 694 1923 768 siquidem

209 795 366 867 quod
395 802 479 853 est
507 811 710 869 unum,
740 796 809 854 iis
839 805 968 869 quae
997 803 1134 857 s'unt
1161 791 1582 855 admimeratur
1600 790 1925 854 :numerus

208 893 362 950 enim
405 894 688 967 particeps
731 896 990 953 essentiae
1031 901 1132 952 est.
1178 896 1346 963 Quod
1388 900 1929 953 autem-estunam·
1968 930 1975 935 -

208 1006 386 1063 supra
429 986 830 1063 silhstantiaQ
861 999 915 1050 et
939 994 1094 1063 quod
1123 999 1208 1049 est
1227 1006 1441 1064 unum,
1472 998 1527 1049 et
1554 1004 1785 1054 omnem
1812 1004 1922 1049 nu-

207 1086 433 1147 merum
464 1090 680 1162 definit,
711 1091 900 1163 ipsum
939 1097 1026 1151 est
1053 1097 1108 1149 et
1136 1090 1328 1161 uniuS,
1360 1096 1416 1148 et
1432 1090 1689 1161 numeri,
1710 1095 1774 1147 et
1802 1102 1923 1149 om.-

206 1188 298 1245 nis
339 1190 422 1247 rei
464 1189 812 1261 principium
870 1195 925 1247 et
976 1202 1178 1259 eausa,
1235 1195 1290 1247 et
1344 1182 1625 1245 numerus
1666 1194 1722 1245 et
1762 1188 1921 1247 orde.

204 1288 597 1371 ‘Quamobrem
627 1295 682 1346 et
725 1288 917 1345 unitas
937 1296 1080 1359 ·qu'ae
1107 1288 1397 1357 laudatum
1428 1293 1482 1343 et
1512 1286 1763 1343 Tri'nitas
1792 1299 1925 1358 quae

209 1392 292 1448 est
311 1384 592 1443 divinitas
635 1400 811 1457 supra
839 1386 1053 1457 omnia,
1081 1391 1200 1443 non
1228 1392 1313 1442 est
1328 1386 1551 1457 unitas,
1580 1398 1779 1455 neque
1800 1384 1921 1443 Tri·

207 1481 356 1541 nitas
397 1496 432 1540 a
472 1484 774 1543 nobisaut
793 1480 1208 1554 alio'quopiam
1249 1494 1452 1540 eorum
1494 1494 1635 1554 quae-
1666 1488 1803 1539 sunt
1830 1496 1923 1538 eo·

207 1581 396 1652 gnita3
439 1581 540 1639 sed
582 1587 648 1639 ut
689 1581 845 1653 quod
885 1581 947 1637 in
975 1581 1097 1653 ipsa
1125 1587 1210 1638 est
1235 1581 1709 1653 supraquam.in=
1735 1574 1921 1637 un'um

208 1678 540 1750 copulatum
583 1686 636 1737 et
679 1679 1104 1739 foecunditatem
1145 1678 1252 1736 Dei
1291 1690 1426 1736 vere
1465 1674 1789 1749 laudemus,
1821 1678 1921 1735 tri·

208 1790 350 1833 num
393 1782 452 1833 et
489 1768 674 1859 uisum
717 1770 903 1833 Deum
939 1776 1311 1839 nominamus
1355 1768 1548 1846 illum,
1599 1775 1701 1846 qui
1748 1779 1925 1847 supra

209 1886 380 1931 omne
405 1886 620 1931 nomen
649 1880 749 1931 est.
779 1869 954 1931 Nulla
980 1878 1171 1931 autem
1201 1873 1397 1930 unitas
1426 1873 1513 1929 vel
1541 1872 1793 1943 trinitas,
1820 1887 1921 1930 ne-

211 1966 324 2041 q'ue
367 1984 663 2041 numerm,
694 1982 802 2028 nee
840 1970 1034 2027 unitas
1077 1969 1164 2027 vel
1206 1970 1577 2040 roeeunditas‚
1620 1982 1729 2027 nee
1763 1968 1923 2027 aliud

209 2064 508 2140 quidpiam
562 2082 765 2127 eorum
807 2080 940 2139 quae
979 2072 1148 2138 sunt,
1189 2073 1290 2125 aut
1330 2080 1533 2126 eorum
1574 2080 1708 2139 quae
1746 2067 1925 2125 alicui

209 2168 581 2225 existentium
636 2160 773 2225 sunt
827 2166 1086 2239 cognita,
1141 2166 1393 2237 explieat
1442 2178 1721 2224 areanum
1775 2166 1925 2227 illud

209 2278 438 2322 omnem
481 2258 760 2323 rationem
801 2270 858 2321 et
897 2270 1150 2321 mentem
1186 2259 1470 2334 superans
1504 2264 1931 2335 superdeitatiS,

209 2356 764 2434 superessentialiter
791 2374 967 2433 supra
993 2360 1187 2417 omnia
1213 2360 1686 2439 superexistentis
1696 2376 1715 2429 3
1744 2360 1953 2434 huius.

209 2474 401 2531 neque
421 2472 635 2517 nomen
663 2472 854 2530 neque
880 2456 1160 2515 rationem
1189 2462 1274 2513 est
1299 2456 1610 2528 assignare,
1639 2457 1739 2514 sed
1766 2456 1923 2517 inae·

209 2572 437 2617 cessum
500 2550 772 2614 amnibus
825 2556 1056 2614 eminet.
1113 2554 1268 2623 Quin
1307 2568 1423 2612 nee
1454 2554 1646 2626 ipsum
1686 2554 1925 2627 quidem

209 2670 422 2715 nomen
449 2656 719 2713 bonitatis
758 2655 810 2711 ei
838 2661 1136 2725 tamquam
1159 2658 1363 2724 aptum
1398 2648 1925 2722 accommodamus,

208 2756 310 2813 sed
353 2744 634 2811 desiderio
673 2752 893 2824 aliquid
947 2750 1305 2823 intelligendi
1346 2756 1405 2807 et
1442 2750 1781 2810 dicendine
1820 2766 1925 2809 na·

209 2859 344 2922 tura
383 2850 486 2908 illa
524 2862 736 2908 areana
776 2854 832 2905 et
871 2846 1165 2920 inerrabili,
1195 2844 1351 2920 quo'd
1394 2854 1477 2905 est
1510 2848 1925 2907 omnium-1102

210 2950 438 3009 minum
494 2947 746 3005 maxime
791 2942 1130 3006 'venerabile
1169 2946 1278 3019 ipsi
1329 2946 1586 3018 primum
1628 2958 1923 3006 conseera-

210 3063 374 3107 mus:
419 3048 480 3105 in
533 3042 653 3118 quo
711 3042 950 3116 quidem
991 3056 1126 3101 eum
1167 3044 1472 3118 'theologis
1512 3045 1885 3103 convenimus
1905 3088 1925 3118 ,

209 3145 311 3202 sed
351 3145 424 3203 ab
465 3140 591 3216 ipsa
631 3152 828 3201 rerum
865 3141 1104 3201 veritate
1139 3141 1393 3201 multum
1418 3143 1739 3201 deficimus,
1767 3143 1947 3212 Qua-³·

212 3242 471 3301 mobrem
515 3240 624 3313 ipsi
663 3252 898 3313 quoque
938 3236 1242 3297 ascensum
1270 3239 1438 3298 illum
1466 3252 1569 3313 per
1594 3242 1926 3315 negationes

211 3340 618 3413 praetulerunt,
663 3345 728 3398 ut
769 3338 870 3413 qui
911 3337 1163 3399 animam
1204 3352 1240 3395 a
1273 3340 1536 3413 eoguatis
1575 3341 1751 3402 rebus
1790 3352 1923 3398 avo-
