2667 4259
777 287 889 349 ¹24
1255 304 1299 345 s.
1345 302 1590 347 moxi-su
1633 303 2010 348 Annonem:

773 380 825 452 ἰ.
865 406 994 461 Quid
1023 408 1213 467 prior-k
1250 412 1399 455 vestis
1433 411 1688 468 depositio.
1731 411 1776 456 5.
1819 411 1947 463 Quid
1987 422 2130 457 saera
2173 408 2488 457 Communis).

779 498 827 542 6.
864 496 1091 569 Explicat
1125 512 1344 559 quanam
1382 501 1573 545 ratione
1607 501 1820 547 colecta-r
1857 500 2056 545 ordines
2093 500 2373 559 emetitur.

541 709 587 763 s.
626 708 676 755 1.
778 638 995 772 Atque
1034 702 1095 759 hl
1136 704 1376 774 quidem
1412 710 1551 763 sunt
1591 703 1740 761 sacri
1777 702 2010 761 ordines
2049 716 2370 773 eorumque
2401 702 2492 759 di-

502 778 721 893 fssssfssffi’?
776 798 1145 857 stributionoe
1184 815 1253 857 ac
1270 782 1534 857 ‘virtutes
1575 807 1632 857 et
1673 800 2032 871 operationes
2071 806 2246 871 atque
2287 814 2492 855 eonse-

464 880 742 983 0„1‚1·5,.„2‚.,
778 896 1092 953 crationes:
1124 897 1334 967 triplex
1362 898 1534 959 modo
1561 912 1744 971 genus
1773 898 2046 957 ordinum
2073 897 2492 955 initiandorum

776 1001 1037 1065 superest
1075 997 1504 1067 exponendum.

854 1092 1114 1151 Dicimus
1155 1094 1359 1165 igitur,
1401 1094 1631 1176 ordines
1669 1092 1804 1152 illos
1843 1093 1946 1165 qui
1995 1093 2323 1165 expiantur,
2369 1106 2493 1151 esse

775 1193 975 1250 turbas
1016 1191 1146 1251 illas
1186 1208 1320 1265 quae
1359 1208 1398 1249 a
1435 1194 1614 1251 sacris
1653 1193 2052 1251 functionibus
2091 1199 2148 1249 et
2189 1204 2492 1249 eonsecra-

779 1290 1031 1347 tionibus
1071 1294 1477 1363 segregantur‚
1527 1306 1780 1363 quarum
1831 1292 2098 1363 superius
2137 1290 2494 1347 mentionem

779 1386 1051 1445 fecimus:
1111 1403 1363 1459 quorum
1415 1388 1567 1445 alius
1621 1388 1856 1460 quidem
1911 1404 1948 1445 a
1999 1388 2178 1445 saeris
2231 1393 2494 1458 arcetur,

778 1485 937 1554 quod
976 1486 1166 1545 adhuc
1214 1502 1249 1544 a
1298 1488 1578 1545 ministris
1627 1487 1702 1545 ad
1754 1485 1984 1543 vitalem
2025 1492 2256 1556 partum
2297 1484 2492 1543 verbis

778 1582 1281 1643 obstetricantibus
1324 1586 1581 1642 foveatur
1609 1592 1798 1656 atque
1827 1585 2196 1655 efformetur3
2223 1582 2374 1641 alter
2397 1598 2494 1641 ve·

779 1694 875 1750 ro,
926 1681 1085 1751 quod
1138 1683 1457 1741 etiamnum
1505 1684 1576 1740 ad
1629 1678 1790 1753 eam‚‘
1839 1697 1876 1739 a
1925 1695 2044 1755 qua
2081 1682 2318 1752 defecit,
2361 1682 2493 1739 vitae

780 1779 1219 1838 sanctimoniam
1260 1779 1648 1843 adhortatoria
1691 1793 2030 1839 sermonum
2077 1778 2370 1835 bonorum
2407 1778 2492 1836 di·
2538 1843 2548 1853 ,

777 1875 1026 1947 seiplina
1066 1883 1400 1947 revocetur-3
1449 1876 1600 1937 alius
1649 1884 1842 1933 autem
1855 1893 1877 1947 ;
1927 1876 2086 1947 quod
2123 1875 2316 1934 adhuc
2337 1888 2494 1933 2con-

783 1973 977 2031 trariis
1017 1974 1327 2043 pavoribus
1367 1973 1652 2044 ignaviter
1691 1980 1990 2043 terreatur,
2033 1970 2214 2044 atque
2248 1973 2493 2043 potenti·

783 2070 893 2127 bus
934 2070 1179 2141 eloquiis
1220 2072 1651 2129 corroboretur:
1703 2070 1854 2129 alius
1903 2085 2042 2130 vero
2077 2071 2251 2143 quod
2300 2070 2495 2131 adhuc

782 2168 855 2223 ab
896 2168 1166 2237 operibus
1206 2169 1492 2239 perversis
1519 2170 1592 2227 ad
1620 2184 1812 2227 sacras
1839 2170 2092 2227 actiones
2125 2169 2468 2227 traducatur
2473 2186 2493 2239 ;

782 2264 951 2335 alme,
992 2266 1151 2336 quod
1186 2266 1308 2338 iam
1351 2267 1650 2325 traductus
1691 2267 1927 2339 quidem
1968 2268 2060 2337 sit,
2095 2266 2196 2324 sed
2230 2267 2495 2324 nondum

785 2364 1163 2422 constantiam
1206 2364 1266 2421 in
1296 2365 1506 2437 divinis
1538 2364 2114 2436 immutabilibusque
2139 2364 2394 2423 scientiis
2421 2366 2498 2422 sit

783 2456 1142 2521 consecutus.
1184 2462 1259 2533 Hi
1296 2464 1452 2522 enim
1480 2471 1618 2521 sunt
1645 2464 1873 2521 ordines
1901 2464 2004 2535 qui
2033 2476 2174 2521 cura
2199 2462 2497 2521 ministro·

783 2574 915 2619 rum
958 2567 1013 2618 et
1052 2562 1337 2633 purgandi
1379 2562 1434 2617 vi
1477 2562 1815 2632 expiantur,
1868 2576 2014 2633 quos
2056 2561 2128 2618 ad
2169 2560 2280 2617 hoc
2319 2560 2496 2631 mini·

782 2658 919 2715 stris
969 2660 1145 2717 sacris
1196 2660 1319 2717 suis
1367 2658 1680 2717 virtutibus
1729 2659 2082 2731 provehunt,
2133 2667 2197 2717 ut
2243 2660 2498 2731 perfecte

782 2757 1028 2828 purgati,
1057 2757 1131 2815 ad
1158 2756 1583 2815 illuminantem
1622 2756 2147 2841 illustrissimorum
2183 2760 2496 2817 sacriflcio-

782 2866 916 2911 rum
954 2854 1490 2926 contemplationem
1517 2861 1574 2911 et
1599 2855 2065 2915 communionem
2093 2839 2494 2914 traducantur.

550 2973 595 3027 s.
636 2972 684 3017 2.
863 2952 1083 3011 Medius
1122 2960 1316 3010 autem
1359 2954 1500 3011 ordo
1539 2960 1626 3011 est
1663 2954 1714 3012 is
1756 2956 1857 3027 qui
1885 2969 2182 3013 sacrorum
2210 2970 2495 3027 quorum·

496 3042 740 3095 0⁸‘2'⁸¹¹‘1²²²
785 3049 919 3107 dam
958 3036 1194 3121 aspectu
1234 3051 1476 3122 gaudet,
1515 3058 1692 3123 atque
1731 3052 2066 3123 eorumdem
2105 3067 2212 3125 pro
2253 3054 2497 3113 modulo

494 3114 738 3228 „1322-2‘,
786 3161 891 3205 suo
933 3146 994 3205 in
1034 3146 1193 3205 omni
1232 3150 1481 3220 puritate
1499 3150 1794 3225 particeps
1824 3150 2066 3223 exsistit,
2107 3150 2212 3223 qui
2252 3150 2496 3211 luminis

570 3260 668 3299 tur.
785 3244 1109 3318 aecipiendi,
1146 3246 1329 3318 gratia
1375 3248 1737 3309 sacerdotum
1785 3262 1944 3309 curae
1991 3256 2080 3309 est
2127 3250 2494 3315 conmissus,

784 3344 1162 3416 Perspicuum.
1210 3356 1295 3407 est
1345 3346 1532 3423 enim-5
1582 3354 1648 3409 ut
1673 3346 1974 3421 arbitror,
2015 3347 2174 3411 hunc
2213 3348 2286 3406 ab
2327 3350 2492 3410 omni
