2667 4259
737 329 1148 375 crisa-ons
1207 331 1331 374 vm.
1770 317 1883 374 291

199 439 600 509 malorumque
639 439 900 494 omnium
941 451 1108 494 exors
1150 437 1595 508 csseepercupio.
1640 437 1805 504 Quod
1846 437 1896 494 si

195 537 395 610 piacet,
437 537 688 594 divinam
729 550 960 608 quoque
1003 536 1198 593 Sancti
1239 537 1328 608 cuj
1340 537 1539 593 usdam
1582 535 1689 592 viri
1730 536 1895 593 visio-

193 649 328 692 nem
357 636 700 693 memorabo:
732 648 922 705 neque
948 649 1084 692 vero
1112 635 1314 704 rideaS,
1350 649 1479 691 vera
1506 635 1659 691 enim
1688 635 1890 691 dicam.

281 734 424 792 Cum
465 733 776 805 aliquando
803 733 863 789 in
894 733 1116 790 Cretam
1159 733 1470 803 venissem,
1502 738 1732 789 sanctus
1764 732 1894 789 Car·
1987 694 2139 810 {2212}

195 845 306 902 pus
349 845 442 888 me
480 829 724 902 hospitio
767 832 1002 902 excepit,
1031 830 1136 901 vir,
1179 831 1226 886 si
1269 831 1401 901 quis
1443 830 1617 902 alius,
1649 831 1720 888 ob
1760 830 1894 888 insi·
1963 842 2007 880 et
2046 835 2169 880 visio

197 943 368 1001 gncm
408 929 617 988 mentis
671 929 976 1000 puritatem
999 973 1013 999 ,
1063 929 1139 985 ad
1196 929 1298 985 Dei
1363 928 1897 999 contemplationem
1945 905 2193 1021 '’²3:122“

196 1028 541 1099 aptissimus,
598 1027 796 1099 Neque
849 1029 1000 1085 enim
1055 1041 1246 1085 sacros
1279 1029 1702 1098 mysteriorum
1752 1028 1897 1085 ritus
1986 1047 2148 1106 Carpi.

196 1127 616 1198 auspicabatur,
658 1127 768 1183 nisi
795 1127 957 1198 prius
987 1127 1095 1197 ipsi
1115 1128 1270 1184 inter
1309 1129 1743 1198 praeparatorias
1772 1143 1895 1184 ora-

195 1225 381 1282 tiones
423 1233 583 1284 sacra
623 1225 888 1296 quaedam
941 1231 998 1281 et
1047 1225 1288 1296 propitia
1346 1225 1483 1281 visio
1525 1227 1897 1295 apparuisset.

198 1325 394 1396 Ipsum
435 1340 572 1397 ergo
617 1322 725 1396 (uti
752 1323 1051 1396 referebat)
1082 1323 1328 1380 infidelis
1359 1317 1643 1394 quispiam
1686 1326 1896 1381 contri-

195 1430 444 1480 staverat
481 1423 810 1495 aliquando,
853 1422 1210 1492 tristitiaeque
1251 1436 1423 1480 causa
1452 1428 1589 1491 erat,
1620 1424 1775 1494 quod
1799 1421 1899 1480 ille

198 1523 274 1578 ab
314 1522 566 1579 Ecclesia
608 1522 911 1593 quemdam
944 1522 1016 1577 ad
1045 1520 1394 1577 infidelitatis
1436 1535 1685 1577 errorem
1730 1523 1896 1579 sedu-

199 1621 409 1692 xisset,
453 1635 587 1678 cum
626 1621 816 1678 adhuc
856 1619 1196 1677 celebritatis
1227 1634 1359 1690 quae
1387 1621 1459 1676 ab
1487 1619 1769 1677 hilaritate
1799 1635 1897 1677 no·
1964 1617 2165 1662 Heloria

198 1730 334 1774 men
375 1718 606 1788 accepit,
649 1718 768 1774 dies
808 1723 1130 1788 agerentur.
1175 1715 1258 1773 Ac
1291 1697 1403 1787 'pro
1444 1718 1703 1787 utrisque
1730 1720 1898 1776 bene·
1950 1690 2138 1806 1oessssth

198 1815 329 1872 vole
369 1816 523 1872 Deus
565 1816 765 1872 fuisset
807 1817 1130 1872 exorandus
1175 1822 1238 1872 ut
1281 1815 1497 1872 auxilio
1539 1815 1776 1872 salutari
1818 1816 1899 1872 al-

199 1921 391 1970 terum
429 1914 664 1984 quidem
705 1914 778 1971 ab
819 1927 1010 1972 errore
1051 1920 1434 1984 converteret,
1477 1913 1725 1971 alterum
1767 1929 1901 1973 vero

187 2011 456 2069 bonitate
495 2009 814 2084 superarem
854 2025 1042 2085 neque
1069 2012 1458 2072 desistendum
1487 2013 1684 2070 fuisset
1712 2013 1783 2070 ab
1810 2027 1901 2070 eo-

199 2123 333 2166 rum
375 2124 478 2181 per
517 2116 692 2168 totam
749 2095 923 2168 vitam
977 2093 1393 2181 admonitione,
1451 2111 1631 2168 donec
1672 2111 1904 2168 tandem

197 2209 369 2265 hodie
407 2209 498 2265 vel
539 2209 622 2266 sic
661 2211 733 2266 ad
769 2211 1027 2265 divinam
1069 2211 1450 2280 cognitionem
1504 2224 1903 2280 promoveren-

201 2315 328 2376 tur,
370 2313 611 2378 tumque
651 2308 883 2364 dem-um
927 2305 1040 2362 illis
1081 2321 1210 2377 quae
1250 2307 1522 2376 ambigua
1562 2307 1905 2364 videbantur

199 2413 258 2464 et
299 2406 560 2477 obscura,
602 2411 969 2477 patescerent,
999 2410 1055 2461 et
1095 2405 1168 2460 ab
1210 2404 1277 2460 iis
1319 2419 1451 2474 quae
1490 2409 1695 2473 praeter
1736 2406 1903 2461 ratio·

174 2520 338 2580 „nem
397 2505 708 2562 temerarie
759 2505 1159 2562 commiserant
1178 2549 1196 2575 ,
1257 2503 1590 2573 resipiscere
1652 2502 1907 2574 legitima

203 2605 442 2662 veritate
483 2610 850 2675 cogerentur:
895 2604 1084 2660 nescio
1139 2617 1258 2673 quo
1298 2609 1462 2674 pacto
1482 2647 1499 2673 ,
1542 2617 1675 2658 cum
1717 2603 1776 2658 id
1819 2602 1904 2660 illi
1979 2657 1987 2671 ,

203 2708 372 2760 antea
412 2716 715 2771 nunquam
756 2702 1061 2773 evenisset,
1104 2709 1244 2758 tunc
1296 2699 1615 2757 vehementi
1657 2701 1905 2769 quadam

207 2801 598 2872 indignatione
652 2807 706 2857 et
760 2801 1140 2858 amaritudine
1192 2806 1462 2870 concepta
1525 2799 1905 2856 obdormierat

211 2898 436 2971 (vesper
477 2901 631 2956 enim
673 2899 816 2973 crat)
860 2900 1008 2956 circa
1051 2900 1292 2956 mediam
1337 2913 1471 2954 vero
1514 2903 1755 2968 noctem,
1784 2912 1901 2968 quo

211 3004 462 3067 tempore
505 3000 576 3056 ad
619 2999 839 3056 divinos
894 2998 1136 3068 hymnos
1193 2997 1461 3070 evigilare
1502 3003 1902 3067 consueverat,

212 3103 576 3166 experrectus
605 3098 838 3169 quidem
865 3098 1065 3169 surgit,
1095 3111 1228 3154 cum
1256 3111 1487 3154 somnos
1512 3109 1717 3167 parum
1746 3097 1904 3166 quie-

211 3201 300 3250 tos
341 3195 654 3266 crebroque
695 3197 1057 3266 interruptos,
1087 3209 1193 3251 nec
1233 3195 1451 3265 absque
1478 3194 1906 3265 perturbatione

215 3293 454 3363 cepisset
465 3309 483 3362 3
529 3299 682 3350 stans
724 3301 915 3351 tam-en
956 3293 1026 3350 ad
1071 3292 1262 3350 divina
1291 3292 1597 3362 colloquia,
1624 3305 1742 3348 non
1770 3292 1906 3348 satis

215 3389 476 3465 religiose
530 3392 881 3465 tristabatur,
935 3392 1295 3466 graviterque
1345 3391 1583 3463 terebat,
1639 3391 1905 3462 iniquum
