2667 4259
782 313 863 372 82
1262 326 1307 369 s,
1332 320 1602 373 ‘moursn
1644 324 2024 371 inseramur

498 444 601 480 mm
639 447 730 481 eur
782 440 1113 500 commune,
1152 434 1213 485 et
1252 426 1392 486 huie
1419 440 1522 499 per
1549 425 1958 485 excellentiam
1993 438 2114 496 prae
2155 425 2384 483 caeteris
2427 426 2498 483 sit

502 505 728 622 emme?
778 528 1125 586 attributum
1138 571 1156 598 ,
1210 534 1278 584 ut
1330 525 1704 599 singulariter
1753 524 2098 583 Gommunio
2151 530 2208 580 et
2263 522 2500 580 Sinaxis

502 645 719 702 Synaxiae
778 624 1101 696 appelletur
1109 641 1127 695 ;
1158 638 1292 681 cum
1321 623 1786 694 unumquodque
1813 620 2250 679 Sacramentum
2281 620 2498 677 divisas

510 717 711 763 dicmm.
779 734 1016 793 quoque
1054 723 1201 779 vitas
1239 729 1468 779 nostras
1495 721 1569 778 ad
1595 718 1943 778 uniformem
1985 716 2214 790 colligat
2253 716 2496 775 Deifica-

776 818 1026 890 tionem,
1067 826 1243 893 atque
1288 818 1565 877 Deiformi
1616 816 1952 875 dissitorum
2003 816 2502 887 coagmentatione

782 933 916 975 cum
960 918 1060 975 illo
1102 932 1220 974 uno
1263 917 1650 974 eommunicet
1683 915 1979 987 uniatque.
2009 914 2272 973 Dicimus
2302 913 2501 986 igitur,

784 1020 1126 1073 caeterorum
1160 1014 1656 1071 Hierarchicorum
1684 1010 2082 1084 symbolorum
2111 1011 2499 1083 participatio-

780 1112 987 1183 nibuS,
1038 1127 1112 1171 ex
1161 1111 1374 1169 divinis
1426 1112 1605 1183 hujus
1659 1111 2096 1185 perfectivisque
2131 1110 2502 1177 ,muneribus

782 1209 1055 1267 accedere
1102 1208 1676 1267 consummationem.
1721 1208 1838 1267 Vix
1877 1208 2034 1265 enim
2073 1206 2158 1265 fas
2200 1208 2274 1265 sit
2315 1205 2501 1272 ullam

785 1307 1136 1367 Hierarchici
1176 1306 1438 1367 muneris
1477 1308 1638 1365 obire
1677 1307 2032 1365 functionem
2046 1348 2066 1379 ,
2105 1304 2220 1363 nisi
2256 1304 2502 1363 divinis·

783 1406 933 1463 sima
983 1405 1348 1465 Eucharistia
1364 1448 1382 1477 ,
1437 1405 1748 1478 cujuslibet
1801 1404 1970 1462 initio
2016 1404 2500 1474 consecrationiS,

787 1504 1075 1562 initiandi·
1094 1519 1229 1562 cum
1270 1502 1374 1563 illo
1411 1517 1534 1562 uno
1573 1504 1830 1575 perficiat
1871 1503 2374 1575 conjunctionem,
2419 1502 2500 1559 di-

785 1602 1119 1676 vinitusque
1159 1604 1368 1665 tradito
1402 1592 1932 1661 consummantium
1961 1602 2373 1673 mysteriorum
2405 1602 2500 1659 do-

788 1716 867 1759 no
909 1702 1167 1761 divinam
1205 1700 1312 1774 ipsi
1356 1702 1608 1760 conferat
1650 1700 2136 1758 communionem6
2183 1698 2410 1770 Quare,
2455 1698 2501 1755 si

784 1800 1057 1872 quaelibet
1096 1792 1596 1883 Hierarchiearum
1631 1798 2126 1857 consecrationum
2169 1797 2503 1869 imperfecta

786 1905 1011 1969 manet,
1069 1894 1209 1955 dum
1266 1899 1448 1955 nostri
1504 1912 1639 1954 cum
1695 1898 1795 1955 illo
1850 1911 1969 1954 uno
2029 1896 2502 1954 communionem

793 1984 1184 2067 ultionemque
1226 2010 1344 2064 non
1386 1994 1607 2065 perficit
1647 1994 1756 2051 hoc
1805 1976 1929 2066 ipso
1971 1993 2125 2065 quod
2167 2007 2288 2050 non
2331 1994 2501 2065 perfi-

785 2092 955 2155 citur.
976 2092 1310 2165 perficiendi
1340 2094 1456 2150 vim
1481 2093 1788 2164 amittens3
1824 2092 1956 2152 finis
1998 2098 2191 2150 autem
2233 2092 2504 2165 omnium

786 2196 869 2245 est
910 2196 967 2247 et
1008 2196 1209 2262 caput,
1266 2196 1331 2247 ut
1384 2203 1524 2249 eum
1579 2190 1682 2261 qui
1733 2188 2030 2259 initiatur,
2073 2190 2506 2261 praecipuorum

522 2290 721 2349 Baptis—
784 2286 889 2344 Dei
944 2290 1350 2359 mysteriorum
1407 2288 1740 2360 participem
1803 2288 2043 2357 efficiat,
2101 2288 2233 2359 Jure
2295 2289 2505 2348 merito

494 2373 747 2480 Ξῗιζζζηῗέἔ
780 2385 1137 2445 Pontificalis
1176 2386 1415 2445 seientia
1455 2378 1751 2459 proprium
1804 2387 1888 2444 illi
1938 2401 1973 2443 a
2023 2389 2219 2477 rerum
2259 2387 2508 2445 veritate

480 2506 547 2550 tio
567 2506 762 2550 diem,-
786 2486 1364 2545 nomenadinvenit:
1416 2486 1494 2542 ita
1541 2498 1780 2555 quoque
1819 2498 2043 2545 sacram
2085 2481 2297 2540 divinae
2339 2498 2509 2556 rege⁴

495 2588 602 2657 13²·oe
620 2584 739 2621 ⁰⁶¹⁶·
788 2582 1107 2639 natationis.
1140 2580 1536 2651 initiationem,
1579 2582 1736 2652 quod
1783 2581 2030 2651 primam
2072 2582 2261 2639 lucem
2307 2583 2510 2641 conse·

479 2643 759 2762 ῃῇεῗῧζζα
788 2685 906 2751 rat,
961 2679 1340 2751 omniumque
1391 2677 1724 2735 divinarum
1779 2678 2234 2737 illustrationum
2285 2680 2504 2751 princi-

786 2778 951 2847 pium
978 2778 1225 2850 existat,
1268 2790 1343 2835 ex
1383 2775 1591 2833 effectu
1636 2790 1772 2835 vero
1819 2777 2220 2835 illustrationis
2260 2779 2503 2835 nomine

788 2874 1164 2933 celebramus.
1192 2874 1482 2942 ‘Quamvis
1523 2875 1678 2931 enim
1728 2876 1902 2933 etiam
1941 2876 2070 2933 aliis
2111 2875 2500 2934 Hierarchicis

785 2968 1179 3029 functionilms
1212 2970 1527 3029 ‘commune
1565 2972 1657 3043 sit,
1691 2986 1790 3031 eos
1831 2972 1933 3045 qui
1975 2972 2278 3031 initiantur
2293 2986 2510 3033 >sacrae

786 3068 935 3131 lucis
984 3078 1277 3128 consortes
1327 3070 1542 3142 facere3
1585 3078 1836 3130 attamen
1890 3070 2018 3129 haec
2067 3070 2168 3129 illa
2185 3070 2202 3131 f
2223 3078 2309 3129 est
2363 3078 2504 3144 quae

785 3167 1041 3239 primum
1081 3165 1223 3223 mihi
1264 3166 1454 3223 visum
1490 3167 1818 3241 impertivit,
1849 3180 2068 3239 perque
2101 3167 2261 3225 illius
2301 3167 2510 3227 lucem,

786 3264 1249 3336 principaliorem
1291 3265 1365 3322 ad
1419 3272 1625 3323 caetera
1679 3280 1911 3337 quoque
1950 3262 2116 3322 sacra
2167 3266 2498 3323 contuenda

632 3406 637 3411 .
734 3396 739 3401 ·
787 3364 988 3423 lumen
1026 3363 1402 3436 accipio.-.His
1443 3366 1523 3428 ita
1563 3364 1913 3438 constitutis,
1965 3365 2398 3447 consideremus
2441 3370 2506 3424 et

974 3514 982 3541 l

2645 2405 2652 2450 h»-
2645 2355 2650 2364 -
2643 2301 2650 2312 -
