2667 4259
793 311 1203 354 ariston*
1271 309 1373 353 vn.
1820 291 1933 354 279

220 415 501 474 recolunt.
550 415 766 474 Verum
803 413 886 470 illi
916 412 1081 470 liceat
1111 414 1231 469 sive
1257 427 1360 484 per
1388 412 1790 485 ignorantiam,
1818 412 1939 467 sive

218 527 321 584 per
361 513 645 569 inscitiam
689 511 812 567 is‘tis
855 510 1027 570 fidem
1057 510 1363 580 derogare:
1392 509 1491 565 sed
1522 508 1613 566 dic
1641 508 1754 566 illi:
1786 509 1939 575 Quid

219 611 396 670 settis
437 611 514 668 de
533 609 651 666 illa
692 609 828 664 solis
871 608 1201 675 defeetione,
1247 621 1379 676 quae
1420 606 1625 664 accidit
1658 608 1731 680 in
1768 620 1939 663 erues

222 706 499 763 salutari?
539 707 702 762 Tune
744 705 899 761 enim
925 705 1096 760 ambo
1119 705 1301 774 juxta.
1319 704 1659 773 Heliopolim
1690 719 1936 775 praesen-
2028 723 2202 777 ouans

221 813 308 862 tes
349 779 524 862 simul
563 811 620 862 et
659 805 981 873 adstanteS,
1025 804 1275 860 mirabili
1319 802 1541 860 ratione
1589 805 1696 860 soli
1738 804 1943 876 sunam-
2012 793 2221 875 eclipsis·

221 904 540 960 coincidet-e
569 903 946 959 cernebamus
979 899 1206 973 (neq-ue
1228 909 1419 958 tamen
1454 909 1676 972 tempus
1704 902 1945 973 eonjun-
1982 869 2244 992 0ἵέἑῖζῖ

221 1002 424 1058 ationis
479 1000 643 1072 erat)
700 1001 999 1070 ipsamque
1055 1013 1262 1057 rursus
1313 1000 1427 1056 suh
1478 1000 1687 1074 horam.
1724 1014 1939 1059 nonam
2034 1005 2190 1086 erfasiT

222 1099 606 1170 vespertinam
647 1097 924 1154 diametro
967 1097 1073 1154 soli
1127 1097 1385 1168 opposito
1426 1096 1941 1172 supernaturaliter
2006 1073 2226 1132 fimana.

221 1196 462 1252 restitui.
509 1195 662 1261 Quin
704 1195 878 1253 etiam
919 1195 978 1250 iu
1021 1195 1357 1252 memoriam
1402 1195 1484 1250 illi
1528 1209 1731 1252 revoca
1773 1195 1972 1265 quid-.

221 1295 355 1350 dam
413 1293 602 1349 aliud:
655 1293 760 1350 seit
813 1292 1006 1359 enim,
1057 1294 1345 1362 quomodo
1402 1293 1715 1348 viderimus
1771 1293 1941 1350 illum

223 1389 382 1446 lunae
419 1404 723 1446 occursum
765 1391 840 1446 ab
881 1389 1112 1458 Oriente
1131 1390 1409 1458 ‘eoepisse‚.
1436 1396 1491 1445 et
1519 1404 1705 1460 usque
1732 1390 1805 1446 ad
1848 1405 1938 1446 so-

222 1487 294 1544 lis
321 1487 737 1543 extremitatem
769 1486 1111 1556 pervenisse,
1135 1500 1206 1541 ae
1229 1492 1353 1541 tum
1384 1487 1621 1542 demum
1646 1487 1937 1558 resiliisse,

222 1591 276 1642 et
319 1597 570 1653 rursum,
619 1599 734 1640 non
780 1597 852 1640 ex
893 1584 1092 1640 eadem
1134 1579 1294 1653 parte
1337 1597 1645 1640 occursum
1686 1584 1852 1642 illum
1882 1593 1939 1642 et

221 1697 512 1740 recessum
543 1683 817 1752 extitisse,
847 1683 946 1738 sed
975 1695 1046 1738 ex
1073 1683 1315 1738 adverso
1342 1682 1622 1738 diametri.
1646 1683 1761 1738 Ista
1782 1691 1939 1754 sunt,

223 1795 356 1851 quae
399 1787 538 1838 tune
577 1795 751 1850 supra
793 1787 1059 1836 naturam
1104 1779 1340 1836 omnino
1383 1780 1777 1850 contigerunt,
1822 1788 1877 1838 et
1906 1795 1941 1838 a

223 1878 344 1933 solo
388 1892 582 1934 rerum
627 1877 886 1933 omnium
931 1876 1223 1934 conditore
1267 1875 1495 1932 Christo
1524 1875 1647 1933 fieri
1678 1865 1939 1947 possunt,

225 1976 326 2047 qui
369 1975 500 2032 facit
543 1989 752 2046 magna
806 1990 873 2032 ac
924 1973 1208 2046 stupenda
1250 1989 1499 2045 quorum
1544 1989 1661 2033 non
1705 1983 1793 2033 est
1831 1991 1938 2032 nu·

225 2086 440 2128 merus.
2108 2147 2115 2153 .

313 2171 464 2240 Haeo,
504 2171 556 2227 si
595 2172 680 2228 fas
721 2178 826 2240 est,
852 2169 902 2228 ei
931 2171 1120 2241 dicito,
1163 2179 1345 2242 tuque
1385 2171 1813 2244 Apollophanes
1850 2188 1937 2231 re·
2040 2180 2086 2232 S·
2128 2175 2176 2221 3·
2209 2247 2217 2255 .

229 2268 360 2326 telle
384 2268 434 2324 si
461 2275 638 2340 potes,
682 2270 857 2340 idque
896 2270 1204 2325 adversum
1246 2283 1363 2337 me,
1388 2270 1489 2340 qui
1522 2249 1659 2327 tuno
1682 2285 1939 2341 proesens
1987 2248 2237 2364 effosam

228 2381 348 2423 una
373 2373 566 2423 tecum
591 2367 767 2438 admi,
797 2374 854 2424 et
881 2365 1054 2423 simul
1083 2367 1309 2437 aspexi,
1340 2373 1395 2423 et
1422 2367 1721 2424 observavi
1746 2370 1941 2426 omni-a
1980 2331 2241 2446 topffanem

227 2479 362 2521 cum
405 2465 798 2522 admiratione.
855 2465 1119 2535 Denique
1159 2471 1304 2520 tunc
1342 2479 1539 2522 neseio
1578 2479 1695 2536 quo
1736 2467 1937 2537 spiritu
2006 2458 2219 2538 propria

225 2563 476 2632 afflatuS,
520 2563 579 2618 in
621 2563 1031 2621 divinationem
1074 2575 1308 2633 quoque
1349 2561 1777 2635 Apollophanes
1810 2579 1941 2636 pro·
2020 2540 2216 2654 ἐζζζῗζῖ,

228 2659 402 2730 rupit,
447 2667 500 2715 et
541 2660 614 2716 ad
657 2675 750 2716 me
791 2675 1119 2731 conversuS,
1164 2661 1320 2726 istae,
1366 2659 1678 2730 inquiebat,
1724 2675 1757 2716 o
1799 2675 1944 2731 prae-
2035 2669 2189 2712 sione.

227 2756 387 2814 eiar'e
426 2756 682 2825 Dionysi,
725 2756 1052 2814 divinarum
1091 2761 1228 2814 sunt
1266 2757 1691 2815 vicissitudines
1728 2771 1941 2816 rerum.

237 2855 372 2910 Haeo
414 2868 450 2910 a
488 2853 654 2910 nohis
685 2859 978 2923 tamquam
1009 2868 1109 2924 per
1138 2853 1435 2924 epistolam
1465 2853 1617 2910 diota
1645 2855 1761 2912 sint
1786 2856 1941 2912 satis.

231 2953 416 3008 Potes·
442 2965 613 3021 porro
655 2950 778 3020 ipse
817 2949 1084 3020 supplere
1123 2965 1255 3020 quae
1297 2951 1524 3019 desunt,
1554 2957 1609 3006 et
1648 2951 1721 3008 ad
1762 2951 1947 3010 Deum

228 3049 482 3119 perfecte
526 3048 716 3104 vir'um
759 3046 1080 3114 adducere,
1117 3047 1314 3104 multis
1358 3061 1497 3104 sane
1540 3046 1600 3104 in
1641 3049 1815 3106 rebus
1858 3063 1945 3105 sa-

230 3147 483 3218 pientem
495 3163 519 3216 3
557 3160 748 3216 neque
797 3145 1036 3201 fortasse
1091 3143 1494 3215 dedignabitur
1542 3153 1843 3206 mansuete
1883 3163 1949 3202 ac

231 3244 530 3301 humiliter
591 3244 808 3300 disoere
879 3241 1188 3312 plusquam
1261 3244 1574 3312 sapientem
1637 3243 1949 3316 Religionis

233 3349 448 3400 nostrae
488 3341 798 3398 veritatem.
