2667 4259
795 307 908 365 2:50
1131 314 1158 357 f
1271 325 1314 365 s.
1360 322 1613 368 mom‘su
1654 320 2026 367 AnnorAcrrAE

789 424 986 499 logicis
1029 422 1511 497 institutionibuS,
1566 440 1727 485 sacra
1778 424 2072 499 Scriptura
2126 423 2291 483 nobis
2339 422 2489 483 testi-

787 524 1046 580 monium
1089 523 1439 594 perhibente.
2410 508 2419 515 ’

553 646 596 700 g.
638 617 684 691 62
870 621 976 685 Sed
1022 624 1157 693 quia
1195 622 1336 679 alias
1368 634 1461 679 mc
1485 637 1587 692 per
1613 621 1909 692 epistolam
1940 620 2315 692 interrogasti,
2346 621 2491 691 quid

497 712 747 766 ozeomoczo
787 719 1069 794 appellem
1111 735 1211 791 per
1252 736 1312 777 se
1354 734 1492 789 esse,
1537 734 1637 791 per
1676 734 1737 776 se
1779 720 1984 784 vitam,
2026 733 2128 790 per
2166 733 2227 775 se
2267 719 2492 788 sapien-

526 786 718 903 (1223,
786 819 954 888 tiam,
997 823 1053 876 et
1091 824 1278 881 tecum
1332 818 1417 875 aiS
1458 819 1775 888 dubitasse,
1832 817 2118 889 quomodo
2157 816 2339 872 Deum
2388 816 2493 873 ali-

570 940 665 985 ρον
785 918 1014 987 quando
1056 918 1288 988 quidem
1330 931 1469 974 voco
1514 932 1613 987 per
1654 932 1713 973 se
1754 917 1957 984 vitam,
2000 915 2313 985 aliquando
2352 928 2493 971 vero

480 1010 532 1042 ⁸⁶
557 999 683 1113 ’ἥτ’
710 1006 758 1045 ⁶⁸
783 1014 1104 1075 effectorem
1147 1028 1349 1085 perse
1389 1015 1545 1087 vitae3
1588 1014 1971 1079 necessarium
2006 1028 2138 1071 ‘esse
2179 1014 2497 1071 arbitratus

533 1082 628 1195 ‘7¹:25-
645 1082 704 1185 Z:
783 1128 944 1185 sum,
987 1113 1156 1171 homo
1195 1112 1300 1170 Dei
1340 1119 1561 1183 sancte,
1604 1114 1677 1170 ab
1717 1112 1824 1169 hac
1865 1111 2249 1179 dubitatione,
2292 1110 2495 1181 quoad

497 1205 736 1263 οἰκήσω·
781 1212 1023 1284 possim,
1065 1217 1122 1268 te
1160 1210 1420 1269 liberare.
1479 1210 1561 1268 Ac
1621 1212 1871 1281 primum
1915 1210 2179 1281 quidem,
2223 1215 2285 1265 ut
2329 1208 2497 1265 nunc

782 1318 1104 1383 repetamus
1146 1326 1276 1383 quae
1315 1310 1525 1368 millies
1568 1310 1719 1368 dicta
1759 1317 1913 1380 sunt,
1954 1324 2070 1367 non
2114 1314 2372 1381 pugnant
2400 1323 2493 1365 se-

783 1424 915 1469 cum
945 1411 1146 1480 dicere,
1176 1411 1363 1467 Deum
1389 1424 1491 1482 per
1518 1424 1578 1466 se
1606 1414 1958 1481 potestatem,
1988 1414 2041 1464 et
2069 1420 2171 1479 per
2198 1422 2259 1463 se
2285 1407 2493 1475 vitam;

783 1515 837 1565 et
877 1510 1080 1578 dicere,
1121 1502 1317 1566 Deum·
1350 1514 1657 1565 creatorem
1700 1522 1801 1578 per
1842 1522 1904 1563 se
1944 1504 2105 1575 vitae,
2151 1504 2236 1563 vel
2280 1518 2381 1577 per
2428 1520 2497 1561 se

781 1606 952 1677 pacis,
997 1604 1085 1663 vel
1129 1620 1228 1677 per
1270 1618 1330 1663 se
1371 1606 1693 1677 potestatis:
1723 1604 1845 1663 haec
1885 1604 2037 1661 enim
2082 1603 2289 1661 dicitur
2331 1604 2494 1659 Deus

782 1721 854 1763 ex
895 1706 962 1762 iis
1005 1720 1134 1777 quae
1175 1712 1341 1775 sunt,
1382 1710 1437 1761 et
1478 1704 1727 1763 maxime
1754 1704 1925 1761 exiis
1954 1718 2085 1775 quae
2111 1704 2295 1774 prima
2323 1709 2491 1773 sunt,

779 1810 1076 1875 tamquam
1117 1818 1288 1861 causa
1328 1802 1587 1859 omnium
1630 1816 1761 1873 quae
1790 1808 1955 1871 sunt3
1986 1799 2086 1859 illa
2113 1808 2300 1857 autem
2347 1800 2493 1857 ‹lici-

779 1908 900 1971 tur,
951 1908 1248 1971 tamquam
1312 1890 1563 1958 existens
1623 1897 2252 1971 suprasubstantialiter
2310 1912 2496 1969 supra

779 2000 971 2055 omnia
1014 2012 1142 2069 quae
1170 2006 1336 2067 sunt,
1367 2005 1421 2055 et
1450 2013 1581 2069 quae
1623 1998 1806 2069 primo
1849 2004 2001 2056 sunt.
2034 1998 2257 2065 Quaeris
2284 2003 2487 2055 autem

779 2097 916 2167 quid
939 2110 1191 2169 prorsus
1233 2098 1491 2155 dicamus
1520 2110 1621 2167 per
1648 2112 1709 2154 se
1737 2080 1887 2169 esse,
1918 2105 2016 2156 aut
2042 2111 2144 2169 per
2184 2110 2245 2154 se
2286 2098 2493 2167 vitam,

776 2202 875 2254 aut
915 2209 1298 2267 quaecumque
1337 2194 1598 2253 absolute
1627 2202 1680 2253 et
1710 2196 2099 2275 principaliter
2141 2211 2290 2266 esse,
2322 2201 2379 2253 et
2404 2210 2489 2267 ex

775 2296 893 2353 Deo
935 2309 1001 2353 ac
1043 2294 1226 2367 primo
1277 2301 1469 2352 creata
1510 2310 1635 2351 esse
1684 2295 1966 2367 ponimus,
2011 2296 2447 2367 Respondemus
2474 2340 2493 2363 ‚

777 2409 892 2454 non
935 2409 1058 2453 esse
1099 2394 1208 2453 hoc
1248 2400 1593 2457 contortum,
1640 2394 1737 2451 sed
1779 2400 2026 2462 rectum,
2069 2400 2123 2451 et
2164 2393 2489 2465 simplicem

775 2494 992 2551 habens
1033 2492 1509 2565 explanationem.
1540 2494 1665 2551 Non
1708 2494 1861 2549 enim
1907 2493 2050 2559 illud
2094 2506 2195 2565 per
2235 2508 2299 2551 se
2338 2508 2491 2555 esse,

774 2592 1150 2649 substantiam
1193 2587 1487 2677 quandam
1538 2592 1790 2649 divinam
1840 2598 1940 2653 aut
1982 2592 2313 2663 Angelicam
2357 2607 2493 2649 esse

777 2690 1057 2761 dicimus,
1101 2703 1231 2761 quae
1286 2691 1359 2747 sit
1414 2704 1585 2748 causa
1641 2696 1705 2744 ut
1758 2688 1873 2745 sint
1926 2690 2118 2750 omnia
2174 2704 2304 2761 quae
2344 2696 2489 2747 sunt

779 2787 1007 2877 (solum
1049 2788 1202 2847 enim
1247 2789 1349 2859 qui
1378 2794 1839 2858 estffsupraquam
1882 2789 2227 2859 substantia,
2270 2788 2481 2859 princi-

773 2884 963 2956 pium,
1006 2891 1060 2943 et
1100 2886 1377 2955 essentia,
1418 2891 1487 2953 et,
1514 2898 1686 2943 causa
1726 2893 1810 2943 est
1850 2893 1916 2943 ut
1954 2887 2069 2943 sint
2111 2887 2306 2943 omnia
2346 2901 2485 2957 quae

773 2988 935 3055 sunt,
981 2989 1035 3039 et
1077 2983 1262 3053 ipsum
1306 2996 1409 3053 per
1448 2997 1509 3052 se
1550 2983 1716 3057 esse)
1759 2998 1865 3041 nec
1905 2984 2077 3041 aliam
2119 2984 2486 3053 divinitatem

775 3094 904 3149 qum
949 3080 1124 3137 vitam
1166 3080 1367 3151 pariat,
1398 3087 1778 3153 praeterquam
1808 3082 1983 3139 vitam
2010 3096 2365 3153 supraquam
2396 3082 2485 3139 di·

772 3181 966 3237 vinam
1009 3179 1269 3237 omnium
1311 3194 1695 3251 quaecumque
1722 3181 1941 3251 vivunt,
1984 3186 2039 3237 et
2080 3181 2261 3251 ipsius
2288 3192 2391 3253 per
2420 3194 2488 3235 se

775 3278 916 3333 ritae
934 3291 1180 3346 causam,
1209 3278 1505 3347 ponimus:
1524 3292 1641 3345 „nec
1661 3283 1725 3334 ut
1746 3278 2075 3338 summatim
2105 3277 2307 3347 dicam,
2336 3276 2483 3332 alias

776 3390 976 3433 causas
1017 3374 1359 3449 principales
1401 3391 1612 3449 rerum,
1644 3384 1697 3435 et
1739 3382 1992 3433 creantes
2036 3384 2089 3433 et
2132 3390 2232 3447 per
2268 3390 2329 3433 se
2357 3376 2483 3433 exi·
