2667 4259
482 630 533 677 21.
578 630 687 678 Cor.

520 702 569 747 2.
603 702 651 748 4.

759 310 871 369 146
1231 324 1274 365 s.
1318 320 1570 367 monrsu
1609 320 1982 368 anseranum

756 426 1059 487 conferam.
1104 426 1189 485 Sit
1240 432 1433 485 antem
1469 427 1800 485 ‘etiannum
1853 425 2020 485 nobis
2071 425 2460 487 oraculorum

756 541 919 585 sacra
958 527 1054 583 lex
1092 526 1400 597 proposita,
1429 531 1494 583 ut
1521 524 1818 582 veritatem
1857 525 2226 583 ostendamus
2251 540 2460 583 eorum

755 640 885 697 quae
926 625 996 683 dc
1036 625 1154 681 Deo
1196 624 1486 693 dicuntur,
1526 638 1636 679 non
1674 622 1734 678 in
1764 623 2168 695 perswaailibus
2203 624 2473 681 humanm·

755 724 1041 797 sapientia*
1072 722 1275 791 verbis,
1306 722 1402 779 sed
1426 722 1486 777 in
1511 718 1809 779 ostensione
1847 710 2094 789 virtutis,
2127 735 2302 792 quam
2331 720 2466 793 Spi-

756 824 903 881 ritus
945 821 1242 894 Theologis
1270 820 1588 892 inspiravit,
1631 834 1747 891 qua
1775 820 1945 877 rebus
1985 820 2372 879 ineffabilibus
2401 828 2462 878 et

752 920 963 993 ignotis
1017 920 1187 977 modo
1242 918 1520 975 ineffabili
1561 918 1868 991 ignotoque
1919 918 2328 991 conjungimur
2368 934 2464 977 se·

754 1019 1011 1077 cundum
1053 1031 1179 1075 eam
1220 1017 1513 1087 unionem,
1553 1031 1682 1087 quae
1723 1017 1839 1074 vim
1881 1030 2110 1075 omnem
2151 1031 2218 1074 ac
2256 1025 2457 1089 poten-

753 1117 891 1174 tiam
959 1120 1177 1173 nestrae
1224 1120 1324 1172 aut
1383 1114 1831 1172 ratiocinationis
1891 1120 1992 1171 aut
2054 1114 2462 1173 intellectionis

756 1214 1000 1272 excedit.
1038 1214 1313 1281 Universa
1354 1213 1532 1285 igitur
1570 1214 1900 1272 audendum
1941 1228 2059 1270 non
2101 1220 2216 1285 est,
2265 1230 2458 1286 neque

754 1314 971 1387 dicere,
1012 1298 1201 1385 neque
1243 1313 1491 1386 cogitare
1532 1313 1851 1387 quidquam
1893 1312 1966 1370 de
2015 1314 2456 1387 supersubstan-

754 1412 875 1471 tiali
903 1418 958 1470 et
984 1412 1176 1470 abdita
1203 1413 1442 1483 Deitate,
1483 1418 1691 1484 praeter
1716 1425 1784 1469 ea
1811 1426 1941 1483 quae
1979 1412 2146 1469 nobis
2187 1412 2252 1471 in
2277 1414 2458 1471 sacris

753 1510 1001 1569 oraculis
1040 1518 1177 1570 sunt
1216 1511 1467 1569 indicata
1503 1510 1797 1569 divinitus,
1838 1510 1981 1569 Nam
2003 1512 2455 1581 supernaturali·

753 1611 885 1667 tatis
928 1610 1108 1681 ipsius
1148 1607 1766 1687 indemonstrabilitaS,
1817 1623 1950 1679 quae
2001 1623 2176 1680 supra
2227 1624 2456 1673 omnem

754 1709 1053 1781 rationem,
1098 1716 1153 1767 et
1194 1716 1464 1778 mentem,
1509 1714 1565 1765 et
1603 1708 1908 1767 essentiam
1947 1713 2052 1780 est,
2088 1707 2215 1779 ipsa.
2251 1714 2336 1765 ost
2363 1710 2462 1767 cui

755 1808 1253 1880 supernaturalem
1293 1808 1590 1865 scientiam
1630 1807 1881 1877 tribuere
1909 1820 2014 1863 nos
2049 1813 2304 1879 oportet,
2331 1814 2456 1865 tan-

694 1905 697 1915 '
754 1913 881 1965 tum
920 1908 994 1963 ad
1037 1907 1396 1963 inaccessum
1447 1905 1592 1981 illud
1645 1904 1844 1963 lumen
1895 1905 2228 1976 aspirando,
2271 1921 2462 1977 qnan-

753 2012 877 2062 tum
922 2021 983 2062 se
1024 2004 1400 2064 insinuaverit
1425 2004 1767 2061 divi-norum
1810 2004 1907 2061 ille
1947 2005 2144 2063 radius
2185 2004 2464 2063 oraculo·-

754 2117 916 2174 rum,
950 2118 1089 2175 ‚q-uo
1154 2103 1626 2161 eminentioribus
1685 2104 1810 2161 istis
1869 2116 2066 2161 rerum
2127 2104 2470 2163 divinarum

755 2202 1156 2273 splendoribus
1208 2202 1513 2259 sobrietate
1568 2200 1815 2273 quadam
1867 2216 1934 2259 ac
1984 2204 2282 2260 sanctitate
2323 2219 2457 2261 con-

757 2308 1159 2373 temperamur.
1194 2302 1430 2361 Etenim
1473 2302 1521 2359 si
1563 2302 1702 2374 quid
1757 2303 2188 2374 sapientissimae
2229 2305 2460 2361 verissi-

759 2416 983 2473 maeque
1025 2402 1346 2475 Theologiae
1387 2402 1736 2460 credendum
1779 2409 1892 2473 est,
1947 2418 2050 2475 pro
2092 2403 2462 2485 singularum

709 2506 724 2511 “
759 2507 929 2573 captu
982 2502 1262 2559 mentium
1317 2500 1512 2558 divina
1566 2500 1923 2572 revelantur»,
1977 2508 2464 2575 spectanturque,

534 2786 551 2805 Ι

544 2816 641 2861 Per

463 2886 717 2933 sensibilia

552 2969 639 3003 res

463 3028 715 3087 spiritales

474 3100 697 3158 cognosci

538 3183 639 3217 non

504 3254 675 3302 posu.

759 2600 916 2661 dum,
955 2614 1183 2659 summa
1234 2600 1339 2657 Dei
1393 2598 1648 2671 bonitas,
1697 2599 1920 2671 iustitia
1963 2598 2236 2671 salutari,
2279 2600 2463 2659 rebus

757 2701 1109 2759 mensuratis
1143 2698 1596 2759 immensitatem.
1625 2712 1788 2757 suam
1809 2698 2024 2757 ‹divino
2065 2700 2316 2771 quodam
2357 2700 2455 2759 de-

758 2811 906 2870 core,
947 2798 1101 2871 quod
1144 2796 1550 2869 comprehendi
1588 2804 1854 2871 nequeat,
1896 2804 2336 2857 commensurat.
2365 2798 2461 2855 Si-

756 2904 853 2955 cut
892 2897 1047 2955 enim
1088 2912 1175 2955 ea.
1194 2910 1327 2967 quae
1356 2890 1496 2953 'sub'
1513 2896 1948 2968 intelligentiam
1987 2898 2201 2955 cadunt
2242 2912 2344 2969 per
2385 2913 2466 2955 ea

756 3010 890 3067 quae
926 2995 1036 3053 sub
1076 3008 1309 3059 sensum
1351 2994 1566 3051 cadunt
1605 2995 2082 3067 comprehendere
2117 3003 2172 3054 et
2199 3002 2454 3054 contem-

756 3093 900 3167 plari
942 3108 1059 3151 non
1100 3106 1438 3169 possumuS,
1465 3107 1656 3164 neque
1694 3094 1796 3165 per
1835 3108 1902 3151 ca
1943 3108 2074 3165 quae
2105 3095 2252 3166 typis
2293 3095 2470 3151 etsi--

757 3195 885 3268 gnis
924 3194 1339 3266 informantur,
1382 3208 1448 3250 ea
1489 3208 1620 3266 quae
1674 3192 1952 3264 simplicia
2003 3199 2140 3250 sunt
2193 3200 2248 3251 et
2301 3193 2464 3279 typis

756 3310 875 3356 non
914 3293 1248 3367 signentur,
1264 3318 1269 3324 ·
1286 3308 1476 3366 neque
1515 3308 1617 3365 per
1657 3294 1868 3365 figuras
1919 3304 2224 3363 corporum
2263 3292 2458 3350 incor-

757 3409 951 3471 porea,
966 3456 973 3461 ,
986 3408 1117 3467 quae
1142 3407 1333 3471 neque
1359 3400 1595 3475 sonsum
1633 3398 1818 3451 tactus
1843 3391 2066 3466 subire,-
2084 3406 2274 3465 neque
2301 3391 2462 3465 figu-
