2667 4259
788 280 866 337 38
1267 295 1311 337 s.
1356 296 1600 339 promsit
1642 293 2017 340 Annomm'rza
2114 294 2121 301 ’

785 402 988 447 tionem.
1027 400 1076 447 3.
1117 400 1299 449 omnes
1333 402 1437 466 eive
1468 400 1680 461 Angelos
1724 403 1827 453 eive
1870 404 2093 463 homines
2128 402 2369 461 triplicem
2400 405 2499 451 ha-

787 493 902 539 bere
929 492 1220 559 potamium.

547 723 596 777 s.
634 721 685 768 t.
793 652 1165 774 Conclusam
1207 714 1383 788 igitur
1406 728 1442 772 a
1466 710 1658 784 nobis,
1686 709 1975 787 quomodo
2002 712 2101 773 illa
2128 694 2502 785 quidem'an-

487 791 752 922 ffl'ffiffigj
791 813 1130 885 tiquissima,
1168 828 1300 885 quae
1315 810 1457 871 “Deo
1496 814 1703 884 praesto
1743 810 2387 885 osa-intelligentiarum
2416 814 2505 872 di·

481 934 559 980 tos
593 933 750 979 mm.
790 910 1072 982 stributio‚
1111 910 1186 969 ab
1225 912 1467 983 ipsamet
1492 909 1758 983 primitus
1784 909 2045 968 initiante
2071 909 2509 971 illuminatione

549 1004 702 1120 2ῗὲ
791 1014 1135 1080 consecrata,
1178 1008 1503 1065 immediate
1542 1006 1629 1064 illi
1670 1008 2044 1077 intendendo,
2087 1008 2397 1066 secretiori·
2420 1010 2503 1066 si·

489 1144 760 1193 nuum-art.
789 1106 915 1165 mul
964 1113 1020 1164 et
1067 1106 1439 1169 manifestiori
1486 1106 1667 1165 divini
1716 1107 2069 1179 principatus
2108 1106 2506 1167 illustratione

788 1211 1067 1287 purgetur
1107 1211 1162 1262 et
1202 1204 1561 1264 illuminetur
1599 1211 1773 1279 atque
1813 1206 2159 1277 perficiatur.
2190 1206 2503 1265 Seoretiori

789 1306 1049 1376 quidem,
1073 1304 1211 1375 quia
1239 1304 1568 1375 spiritaliori
1596 1304 1900 1377 magisque
1924 1304 2503 1376 simplificat-unifica-

783 1418 930 1475 que:
959 1390 1341 1462 manifestiori
1360 1408 1570 1473 autem,
1598 1402 1737 1473 quia
1762 1402 2053 1475 primitiva
2072 1402 2507 1476 'primilueaque

787 1508 847 1559 et
885 1499 1301 1571 universalium,
1342 1499 1567 1573 ipsique
1604 1498 1831 1573 (utpote
1866 1500 2192 1575 liquidiori)
2234 1501 2507 1561 intimius

787 1601 996 1661 infusa.
1041 1600 1130 1658 Ab
1180 1599 1286 1659 hae
1337 1605 1531 1657 autem
1578 1606 1651 1665 ut
1688 1600 1903 1659 iterum
1944 1598 2197 1658 secunda
2244 1612 2349 1671 pro
2390 1616 2509 1659 sua

786 1699 1065 1771 portione,
1105 1705 1162 1757 et
1199 1713 1234 1756 a
1275 1700 1531 1777 seeunda
1570 1699 1751 1769 tertia‚'
1793 1705 1849 1757 et
1888 1712 1923 1756 a
1962 1698 2129 1757 tertia
2168 1705 2363 1757 noster
2402 1700 2510 1759 hie
2560 1764 2567 1774 ,

788 1812 951 1855 saoer
987 1797 1146 1867 ordo,
1169 1796 1340 1868 iuxta
1379 1798 1665 1867 primaevae
1692 1796 1849 1853 illius
1876 1802 2046 1854 reetae
2073 1797 2507 1856 constitutionis

787 1894 1004 1967 legem,
1046 1894 1240 1951 divina
1278 1908 1515 1964 prorsus
1554 1894 1853 1955 hannonia
1888 1893 2383 1967 oongruentiaque
2420 1896 2506 1954 ad

787 1990 1297 2063 superori-ginalem
1348 1991 1535 2049 omnis
1586 1992 1751 2051 bonae
1800 1992 2175 2049 ordinationis
2214 1992 2508 2065 originem

791 2096 846 2148 et
885 2089 1341 2159 terminationem
1382 2102 1544 2147 sacro
1572 2090 1823 2167 quodam
1848 2089 2049 2147 ordine
2075 2097 2505 2162 promoveatur.

532 2206 598 2258 -ς,
615 2172 688 2247 s.
873 2188 1100 2261 Singuli
1139 2194 1331 2245 autem
1370 2188 1603 2246 ordines
1642 2195 1782 2248 sunt
1808 2202 2008 2247 eorum
2036 2189 2139 2260 qui
2166 2190 2512 2260 praeoedunt

505 2272 607 2388 ⁸¹:¹¹
610 2273 767 2389 ‘Thia
794 2287 1130 2358 interpretes
1167 2301 1236 2345 ao
1275 2285 1645 2358 internuntii:
1686 2286 1856 2359 primi
1896 2287 2131 2358 quidem
2160 2286 2274 2357 illi,
2316 2294 2507 2347 moto-

479 2356 756 2487 alexa-rato.
795 2388 872 2447 ris
907 2389 999 2447 sui
1033 2388 1154 2459 Dei,
1183 2388 1374 2447 eaeteri
1408 2390 1602 2445 autem
1637 2384 1836 2445 eadem
1872 2386 2107 2457 ratione,
2138 2393 2430 2445 motorum
2450 2374 2507 2447 'a

792 2491 940 2547 Deo:
981 2487 1122 2545 adeo
1163 2488 1316 2544 enim
1346 2487 1446 2543 illa
1472 2485 1961 2557 superessentialis
1998 2500 2195 2543 rerum
2235 2487 2507 2547 omnium

790 2584 1090 2646 harmonia
1129 2583 1365 2643 cuilibet
1399 2596 1559 2640 sacro
1598 2589 1717 2639 tam
1756 2583 2123 2643 rationalium
2164 2598 2341 2656 quam
2366 2589 2503 2659 spi-

792 2682 1045 2742 ritalium
1085 2687 1481 2739 ereaturarum
1522 2680 1727 2751 ordini,
1770 2687 2008 2753 ratoque
2046 2683 2245 2741 ductui
2286 2698 2503 2744 oonsu-

791 2782 918 2853 luit‚
959 2787 1025 2839 ut
1063 2786 1120 2838 et
1159 2780 1282 2852 ipsa
1319 2778 1567 2851 singulis
1607 2779 1949 2837 Hierarohiis
1988 2782 2225 2839 decoros
2266 2782 2503 2843 ordines

791 2879 1071 2951 statuerit,
1099 2885 1273 2949 atque
1312 2891 1541 2965 omnem
1583 2876 1971 2937 Hierarohiam
2012 2879 2073 2935 in
2112 2878 2352 2937 virtutes
2380 2883 2500 2953 pri-

793 2992 937 3047 maS,
977 2984 1032 3034 et
1072 2975 1287 3034 medias
1315 2982 1488 3047 atque
1516 2982 1829 3047 postremas
1854 2971 2217 3039 distributam
2260 2987 2384 3036 esse
2416 2982 2501 3039 vi·
2544 3009 2549 3013 ·

794 3078 1048 3137 deamus
1092 3074 1363 3143 Quinimo
1402 3074 1689 3148 singulam,
1730 3082 1797 3133 ut
1834 3076 2061 3167 proprie
2098 3076 2305 3147 dicam,
2332 3078 2499 3149 spiri-

795 3182 963 3233 tuum
1004 3173 1411 3246 descriptiones
1453 3152 1654 3233 1isdem
1694 3174 1901 3232 divinis
1942 3174 2259 3232 harmoniis
2284 3176 2501 3236 disere·

525 3291 636 3341 M.
673 3292 722 3339 e,
796 3274 904 3345 vit,
931 3278 1160 3351 propter
1184 3273 1341 3343 quod
1384 3274 1534 3345 ipsos
1574 3272 1746 3334 etiam
1786 3272 2171 3331 divinissimos
2197 3274 2501 3346 Seraphim

797 3370 1064 3445 Theologi
1122 3370 1365 3431 alterum
1419 3372 1491 3431 ad
1545 3372 1787 3431 alterum
1843 3369 2089 3434 clamare
2116 3372 2335 3446 ‘ajuutz
2380 3386 2503 3447 qua
