2667 4259
197 394 1887 454 m

549 622 1537 727 EPISTnLAE

704 905 762 960 Ε
779 904 843 961 Ρ
859 901 968 960 Is
985 905 1046 959 '1¹
1061 904 1125 961 0
1142 907 1198 960 11
1215 907 1283 961 A
1339 904 1403 962 l.

766 1026 928 1119 Cajo
979 1025 1334 1100 Monacho.

699 1197 1044 1261 SYNOPSIS
1090 1198 1396 1257 CAPITIS.

261 1320 433 1372 Docet,
471 1317 611 1365 illam
645 1319 742 1365 Dei
775 1319 1156 1377 ignorationem,
1183 1333 1335 1378 quam
1360 1321 1414 1364 in
1442 1319 1571 1366 libro
1607 1321 1664 1366 de
1700 1319 1909 1380 Hystica

194 1407 451 1468 Theoloyia
488 1420 644 1466 supra
683 1419 883 1453 omnem
929 1408 1252 1465 manitionem
1289 1407 1625 1461 commendat,
1665 1421 1765 1454 non
1794 1409 1904 1469 pri·

191 1501 367 1553 votive,
405 1499 492 1544 ced
526 1497 782 1556 superlate
801 1496 1169 1555 intelliqendam
1207 1511 1328 1545 esse.
1370 1496 1441 1544 Et
1472 1499 1627 1552 simul
1662 1499 1907 1554 ostendit,

190 1601 386 1635 omnem
420 1588 681 1640 notitiam,
727 1598 877 1647 quam
909 1597 1005 1645 per
1037 1588 1370 1645 cognationem
1402 1587 1461 1634 de
1497 1587 1600 1635 Deo
1635 1589 1904 1641 navemus,

193 1692 256 1724 ex
291 1677 536 1725 creaturis
573 1677 746 1736 accipi.

196 1804 494 1922 Tenebrae
541 1861 848 1921 abolentur
897 1861 1152 1936 lumine,
1195 1870 1252 1921 et
1299 1863 1620 1936 praesertim
1675 1864 1905 1935 copioso
2007 1869 2154 1918 Deae

141 2001 155 2008 -
193 1960 441 2020 lumine:
474 1960 889 2034 ignorationem
917 1960 1146 2019 abolent
1174 1961 1559 2034 cognitiones,
1588 1962 1903 2034 praesertim
1948 1941 2227 2057 ἰξίῑζηὲζζῗ

193 2057 401 2130 amplae
443 2058 814 2131 cognitiones,
854 2059 989 2116 Haec
1029 2058 1317 2130 superlato
1360 2066 1415 2117 et
1454 2073 1571 2117 non
1616 2060 1908 2131 privanter
2010 2093 2142 2128 com·

195 2157 496 2228 accipiens,
539 2155 672 2228 plus
715 2169 890 2227 quam
919 2170 1052 2216 vere
1081 2157 1334 2228 enuntia,
1380 2157 1536 2228 quod
1565 2157 1657 2214 sui
1686 2172 1905 2229 posses·
1951 2149 2216 2212 prehendi.

196 2268 354 2312 sores
406 2261 610 2336 verum
664 2252 894 2325 lumen,
953 2259 1008 2311 et
1057 2268 1255 2311 rerum
1311 2255 1728 2326 cognitionem,
1770 2255 1907 2314 latet

196 2353 478 2424 ignoratio
519 2351 620 2409 illa
660 2365 798 2422 quae
836 2358 922 2408 est
962 2352 1285 2409 secundum
1324 2354 1541 2410 Deum:
1574 2359 1627 2408 et
1656 2355 1908 2410 tenebrae

199 2451 325 2522 ejus
365 2451 856 2523 supereminentes
898 2449 1054 2506 omni
1109 2463 1344 2522 quoque
1382 2449 1592 2507 lumini
1634 2449 1909 2507 occulun-

199 2555 313 2619 tur,
356 2562 586 2606 omnem
627 2548 990 2607 abscondunt
1017 2547 1437 2622 cognitionem,
1450 2551 1523 2606 Et
1550 2548 1600 2605 si
1628 2547 1759 2620 quis
1787 2547 1914 2605 viso

198 2648 336 2716 Deo,
379 2645 644 2719 cognovit
685 2646 743 2704 id
785 2647 942 2720 quod
981 2647 1142 2718 vidit,
1184 2661 1559 2720 nequaquam
1598 2646 1791 2719 ipsum
1832 2646 1915 2704 vi·

200 2743 301 2815 dit,
344 2743 444 2800 sed
485 2742 706 2814 aliquid
747 2759 779 2801 e
813 2743 993 2802 'rebus
1046 2745 1191 2824 ej'us⁷
1229 2759 1363 2816 quae
1416 2745 1671 2803 existunt
1725 2751 1781 2802 et
1820 2758 1917 2802 co-

205 2848 595 2914 gnoscuntur,
637 2842 760 2914 ipse
799 2849 994 2900 autem
1036 2857 1212 2916 supra
1261 2849 1512 2900 mentem
1555 2848 1610 2900 et
1650 2842 1917 2900 substan·

201 2940 341 2996 tiam
385 2945 712 2996 constanter
751 2953 1018 3010 mancnS,
1041 2955 1143 3014 per
1179 2941 1332 2998 hanc
1360 2940 1545 3013 ipsam
1572 2939 1917 3014 cognitionis

201 3044 258 3096 et
299 3038 558 3096 essentiae
598 3037 964 3111 negationem
992 3044 1048 3096 ct
1074 3054 1252 3111 supra
1279 3039 1665 3098 substantiam-
1706 3038 1918 3116 existit,

202 3143 258 3194 ct
299 3149 476 3206 supra
514 3143 768 3194 mentem
823 3138 1207 3209 cognoscitur.
1251 3139 1322 3195 Et
1365 3139 1465 3195 illa
1506 3138 1918 3210 perfectissima

201 3236 266 3292 in
309 3234 518 3291 honam
556 3240 780 3306 ,partem
821 3234 1118 3308 ignoratio,
1161 3235 1366 3294 notitia
1406 3243 1492 3299 est
1532 3235 1659 3308 eius
1702 3236 1807 3308 qui
1834 3242 1919 3294 est

203 3345 382 3404 supra
422 3331 618 3388 omnia
659 3346 803 3403 quae¹
833 3331 892 3390 in
933 3333 1323 3405 cognitionem
1363 3333 1597 3392 cadunt,
