2667 4259
475 318 546 361 nn
575 318 823 363 ursum
850 319 1174 391 ranotoom
1205 336 1280 349 -—
1310 320 1493 365 uAPu'r
1522 322 1605 366 111.
1784 302 1905 365 261

181 421 534 479 ablationem
595 424 671 481 ab.
729 424 1000 484 extremis
1061 425 1473 495 auspicamur?
1526 425 1673 492 Quia
1733 425 1901 482 nimi-

182 532 350 587 rum,
395 532 531 575 cum
573 519 662 589 id,
706 514 862 590 qu'od
904 536 1082 591 supra
1121 536 1354 579 omnem
1396 522 1737 594 positionem
1777 527 1904 593 est,

181 612 580 675 statuebamus
617 617 694 673 ab
733 630 802 673 eo
845 618 1002 688 quod
1041 617 1152 689 ipsi
1202 618 1386 691 magis
1428 624 1738 690 cognatum
1778 623 1905 689 est,

184 712 634 773 fundamentum
653 714 985 773 affirmandi
1003 717 1336 787 ponendum
1366 722 1516 787 erat;
1538 730 1743 773 verum
1768 724 1906 775 eum
1938 774 1942 779 ,

185 810 248 868 id
291 809 548 868 tollimus
591 812 748 882 quod
789 826 966 884 supra
1007 826 1239 870 omnem
1281 819 1367 871 est
1408 814 1751 872 ablationem
1769 858 1786 885 ,
1826 816 1905 873 ab
1950 880 1967 895 e

187 909 260 967 iis
304 923 539 979 quoque
580 925 711 981 quae
752 910 1004 968 maxime
1045 912 1259 969 distant
1300 913 1585 969 removeri
1628 914 1869 970 debebat
1886 928 1906 983 ;

187 1020 386 1063 nonne
427 1007 582 1064 Deus
624 1008 806 1079 magis
849 1014 934 1065 est
964 1008 1078 1065 iita
1106 1015 1162 1066 et
1189 1008 1431 1081 bonitas,
1476 1024 1651 1080 quam
1680 1024 1779 1065 aer
1804 1013 1907 1067 aut

186 1103 373 1174 lapis?
421 1104 724 1177 magisque
777 1119 897 1168 non
952 1104 1321 1177 crapulatur
1342 1112 1399 1163 et
1449 1120 1569 1165 non
1608 1098 1907 1217 irascitur,

191 1214 370 1273 quam
410 1216 530 1261 non
573 1202 802 1260 dicatur
836 1208 941 1309 aut
976 1203 1377 1277 intelligatur?

767 1382 1139 1442 c-Al’nw
1189 1385 1317 1441 lv.

206 1526 215 1532 ·
307 1515 506 1599 Quod
556 1514 718 1585 nihil
769 1536 996 1587 rerum
1047 1516 1463 1587 sensibilium
1512 1518 1599 1587 sit
1650 1504 1741 1600 is,
1794 1510 1910 1607 qui

197 1612 413 1681 omnis
459 1612 559 1683 rei
603 1614 865 1748 sensilis
907 1615 1275 1685 secundum
1313 1614 1773 1685 excellentiam
1806 1622 1910 1684 est

197 1716 454 1825 auctor.

703 1832 1049 1893 SYNOPSIS
1097 1835 1397 1893 CAPITIS.

207 2018 214 2025 ,
268 1974 512 2033 Eumpla
545 1974 689 2033 ponit
717 1975 950 2032 neqantie
988 1974 1270 2034 Theotoqioe,
1308 1983 1360 2021 et
1390 1974 1631 2030 ostendit,
1670 1977 1913 2035 quomodo

197 2064 324 2113 nihil
358 2063 542 2111 semite
575 2063 680 2110 Deo
715 2072 972 2123 competat.

201 2225 490 2345 Dicimus
529 2302 685 2359 ergo,
729 2300 962 2345 causam
1005 2288 1284 2358 omnium,
1329 2296 1386 2345 et
1428 2304 1561 2359 quae
1588 2304 1764 2361 supra
1793 2289 2165 2347 orn-¹1²⁴mm

201 2385 299 2443 nia
350 2390 467 2455 est,
509 2399 618 2442 nec
655 2385 944 2455 essentiae,
990 2400 1096 2443 nec
1137 2384 1305 2455 x-itae,
1349 2400 1457 2443 nec
1496 2386 1765 2456 rationiS,
1809 2400 1921 2445 nec
1946 2359 2225 2475 ’ζΐῇξώῗέ

201 2484 412 2541 mentis
453 2489 748 2554 expertem
789 2498 944 2554 esse,
973 2498 1166 2553 neque
1192 2498 1403 2553 corpus
1432 2484 1695 2555 existere,
1725 2498 1917 2554 neque

203 2584 470 2655 figuram,
511 2597 702 2653 neque
743 2582 1078 2653 qualitatem
1119 2588 1220 2640 aut
1259 2584 1638 2662 quantitatem
1664 2590 1767 2641 aut
1795 2598 1915 2640 mo·

203 2681 318 2739 lem
360 2681 590 2752 hahere,
631 2694 824 2751 neque
864 2680 926 2737 in
952 2681 1080 2737 loeo
1108 2695 1248 2751 esse,
1279 2694 1470 2752 neque
1497 2680 1699 2751 videri,
1725 2695 1919 2752 neque

204 2784 424 2835 tactum
477 2777 748 2835 sensilem
800 2778 1012 2835 hahere
1031 2822 1048 2849 ,
1104 2793 1295 2849 neque
1344 2779 1595 2849 sentire,
1650 2794 1759 2837 nec
1806 2778 1919 2837 sub
2008 2842 2011 2845 ,

204 2888 443 2932 sensum
501 2874 730 2944 cadere,
785 2888 894 2931 nec
943 2876 1425 2935 inordinationem
1478 2877 1779 2934 admittere
1818 2884 1921 2934 aut

207 2973 695 3043 perturbationem
723 2986 755 3027 a
783 2972 1147 3043 passionibus
1173 2974 1569 3032 materialibus
1596 2974 1919 3043 excitatam,

209 3080 318 3127 nec
358 3067 702 3127 imbecillem
732 3083 856 3127 esse
883 3076 940 3125 et
964 3051 1284 3127 ‘sensilibus
1312 3071 1543 3128 casibus
1571 3059 1919 3141 obnoxium;

213 3170 405 3239 neque
460 3167 606 3225 lucis
649 3153 924 3240 *indigum
973 3165 1248 3239 existere,
1303 3184 1495 3241 neque
1542 3171 1920 3227 mutationem

212 3274 314 3324 aut
353 3267 806 3339 corruptionem,
837 3258 1040 3337 'neque
1081 3266 1327 3338 fluxum,
1370 3282 1561 3341 neque
1603 3268 1922 3341 quidquam

213 3371 368 3436 sunt,
413 3363 502 3422 vel
544 3378 684 3434 esse,
727 3363 816 3420 vel
859 3360 1083 3422 babere.
