2667 4259
517 414 640 461 tam,
678 420 739 453 ex

494 492 592 536 qna
611 479 774 525 omnis

494 550 594 594 vita
614 547 771 607 profi-

518 615 757 667 eiscitur.'

518 2448 635 2493 Herc
656 2450 753 2494 otti·

578 2519 695 2563 libet
728 2558 731 2561 ,

545 2590 733 2634 viventi

494 2670 766 2716 eoum-uam

499 2729 652 2773 vitam
686 2730 777 2774 im·

515 2800 754 2857 pertitur-

800 281 923 339 22⁰
1246 305 1253 311 ·
1282 295 1331 339 a.
1375 296 1624 341 mosrsn
1663 296 2042 341 Annonem-m

802 399 1001 457 omnia
1041 410 1278 472 quoquo
1306 400 1478 471 modo
1505 401 1681 479 vitam
1709 400 2126 473 participantia,
2167 402 2514 461 convenien-

805 506 891 555 ter
934 498 1284 576 unicuique&
1320 498 1748 557 disseminatur.
1791 499 1995 570 Itaque
2034 496 2370 571 vita'atquo
2413 502 2514 559 im·

802 597 1121 655 mortalitas
1160 597 1578 656 immortalium
1605 597 1982 671 malorum,
2009 604 2066 655 et
2093 596 2194 656 illa
2220 601 2512 671 perpetui·

802 701 891 753 tas
931 694 1223 767 Angelicae
1263 696 1428 769 vitae,
1482 706 1615 769 quae
1663 710 1898 756 omnem
1937 696 2144 769 effugit
2181 696 2515 768 interitum,

802 808 878 851 ex
918 794 1045 866 ipsa
1082 800 1139 852 et
1179 801 1414 866 propter
1463 794 1645 867 ipsam
1697 800 1786 852 est
1835 800 1891 851 et
1939 795 2230 866 subsistit,
2271 808 2516 866 quamo-

802 890 965 949 hrem
1006 906 1233 964 semper
1280 893 1542 951 viventes
1595 900 1652 951 et
1705 891 2057 951 immortales
2109 893 2416 964 dicuntur,
2459 900 2518 951 et

799 980 1008 1046 rursus
1048 1004 1167 1047 non
1208 990 1594 1063 immortales,
1637 992 1780 1063 quia
1815 1005 1936 1049 non
1975 1004 2052 1049 ex
2091 1006 2154 1051 se
2191 992 2408 1049 hahent
2448 998 2518 1049 ut

800 1085 1157 1145 immortales
1193 1088 1329 1158 sint,
1371 1095 1428 1145 et
1468 1095 1746 1161 perpetuo
1786 1089 2000 1161 vivant,
2027 1089 2132 1147 sed
2171 1102 2246 1146 ex
2285 1088 2520 1145 vivifiea

798 1190 858 1242 et
898 1186 1085 1244 omnis
1126 1187 1259 1245 vitae
1299 1187 1586 1247 estet-,trice
1635 1194 1692 1245 et
1739 1186 2157 1245 conservatriee
2207 1200 2400 1245 eausa.
2441 1187 2520 1243 Et

800 1283 952 1343 sieut
992 1285 1325 1343 dicebamus
1377 1286 1450 1345 de
1499 1300 1567 1343 eo
1617 1285 1722 1359 qui
1772 1291 1888 1355 est,
1931 1298 2056 1342 esse
2079 1296 2288 1341 -aevum
2331 1283 2520 1355 ipsius

799 1396 907 1455 per
946 1398 1009 1441 se
1049 1398 1205 1455 esse,
1258 1384 1345 1442 sie
1390 1385 1572 1457 etiam
1625 1384 1720 1441 hie
1771 1383 1892 1441 vita
1941 1382 2140 1440 divina
2179 1390 2264 1440 est
2305 1396 2414 1454 per
2451 1398 2520 1441 se

801 1481 937 1539 vitae
976 1482 1324 1541 vivificatrix
1361 1491 1419 1541 et
1457 1482 1718 1541 effectrix
1727 1499 1746 1553 3
1802 1488 1858 1541 et
1909 1482 2097 1539 omnis
2143 1481 2284 1554 vita,
2325 1481 2515 1539 vitali·
2565 1554 2574 1565 .

802 1593 950 1650 sque
988 1580 1168 1639 motio
1208 1588 1296 1638 est
1336 1596 1413 1639 ex
1451 1581 1586 1651 vita,
1633 1595 1770 1651 quae
1806 1587 1894 1637 eat
1921 1592 2114 1659 ,supra
2151 1592 2384 1637 omnem
2433 1580 2514 1637 vi-

802 1682 945 1748 tam,
981 1684 1038 1735 et
1078 1692 1249 1736 omne
1289 1678 1640 1750 principium
1675 1677 1866 1737 omnis
1891 1677 2042 1743 vitae.
2071 1678 2160 1735 Ex
2185 1676 2316 1747 ipsa
2337 1676 2514 1735 etiam

800 1774 1013 1833 animae
1052 1774 1301 1846 habent,
1355 1775 1514 1845 quod
1566 1788 1686 1833 non
1737 1774 2062 1843 intereant,
2097 1778 2154 1831 et
2192 1772 2516 1831 animantia

802 1872 1183 1947 g'erminaque
1222 1875 1382 1945 quod
1422 1874 1630 1931 ultimo
1668 1874 1802 1933 vitae
1841 1873 2027 1946 gradu
2041 1852 2364 1944 ’gaudeant
2393 1873 2516 1931 Hac

798 1973 1125 2044 subtracta,
1182 1972 1353 2044 iuxta
1413 1972 1804 2044 scripturam,
1863 1970 2054 2029 deficit
2115 1970 2304 2029 omnis
2363 1972 2514 2041 vita,

802 2077 859 2131 et
898 2072 973 2129 ad
1024 2072 1209 2143 ipsam
1254 2072 1448 2129 denuo
1499 2085 1804 2143 conversa,
1853 2084 2091 2129 rursum
2143 2070 2519 2129 vivificantur

802 2175 1090 2241 quotquot
1130 2169 1204 2227 ab
1244 2169 1370 2242 eius
1407 2169 1694 2227 consortio
1735 2183 1854 2241 prae
1901 2168 2290 2227 imbecillitate
2329 2170 2514 2227 doeei·

803 2274 1022 2326 verant.

884 2368 956 2425 Et
982 2366 1227 2441 largitur
1252 2366 1508 2439 primum
1535 2367 1772 2439 quidem
1798 2380 1903 2439 per
1927 2380 1990 2425 se
2011 2366 2142 2422 vitae
2163 2380 2287 2423 esse
2313 2366 2513 2436 vitam,

806 2466 1041 2524 et‘omni
1064 2467 1211 2537 vitae,
1240 2473 1295 2525 et
1332 2466 1546 2537 cuique
1574 2466 1704 2523 vitae
1733 2480 1857 2523 esse
1885 2478 2362 2535 unamquamque
2384 2471 2516 2537 apte

803 2565 877 2622 ad
918 2571 1187 2622 naturam
1216 2578 1413 2624 suam:
1445 2562 1770 2620 eaelestibus
1797 2562 1971 2619 etiam
1997 2562 2130 2618 vitis
2158 2561 2514 2621 immateria-

808 2662 923 2720 lem
963 2676 1032 2719 ae
1070 2662 1410 2720 deiformem
1449 2668 1506 2718 et
1547 2660 1968 2719 immutabilem
2008 2658 2514 2730 immortalitatem,

807 2767 863 2819 et
892 2766 1115 2817 motum
1142 2759 1558 2831 sempiternum
1585 2757 1658 2815 ab
1686 2757 1844 2815 omni
1867 2772 2059 2817 errore
2085 2758 2516 2828 inflexioneque

806 2858 1073 2929 liberum,
1096 2858 1171 2915 ad
1198 2857 1382 2928 ipsam
1411 2870 1646 2929 quoque
1673 2856 1852 2915 vitam
1879 2856 2293 2930 daemoniaeam
2328 2854 2516 2913 abun·

808 2944 1004 3013 dantia
1044 2954 1313 3012 honitatis
1343 2968 1406 3013 se
1431 2952 1778 3011 extendens:
1820 2966 2010 3024 neque
2043 2953 2200 3011 enim
2227 2953 2330 3011 illa
2357 2956 2515 3025 quod

742 3092 751 3099 -
808 3054 901 3122 sit,
930 3059 987 3109 et
1027 3052 1145 3109 vita
1171 3052 1245 3108 sit
1270 3066 1339 3109 ae
1365 3057 1610 3123 maneat,
1651 3052 1726 3109 ab
1766 3050 1882 3109 alia
1921 3065 2096 3109 eausa
2135 3051 2249 3109 nisi
2291 3052 2368 3110 ab
2405 3052 2515 3109 hae

807 3151 995 3209 habet.
1017 3151 1126 3207 Dat
1148 3150 1386 3223 insuper
1407 3150 1757 3221 hominibus»,
1793 3150 1926 3209 lieet
1959 3151 2306 3226 compositiS,
2336 3151 2516 3211 vitam

808 3240 943 3321 qua}
970 3246 1305 3322 Angelieam
1335 3249 1596 3321 proxime
1616 3249 1862 3321 attingit,
1886 3254 1942 3306 ot
1962 3260 2070 3307 nos
2091 3260 2324 3307 aversoe
2343 3250 2518 3307 etiam

810 3348 1187 3407 exuberantia
1208 3348 1582 3422 benignitatis
1603 3349 1678 3410 ad
1697 3362 1758 3409 se
1775 3348 2058 3411 convertit
2077 3355 2442 3423 revocatque,
2465 3355 2520 3407 et
