2667 4259
709 270 823 329 180
1186 286 1232 329 s.
1276 286 1522 353 promsit
1566 284 1943 329 Annomcrrffi

616 368 623 379 ’
706 390 906 459 nutrit,
928 393 1117 461 auget,
1148 388 1389 485 perlicit,
1412 395 1467 445 et
1489 394 1715 459 purgat,
1737 402 1805 445 ac
1827 391 2061 445 renovat
2073 402 2092 457 3
2115 392 2170 444 et
2189 400 2438 444 mensu--

439 1168 635 1213 Bonum

402 1246 684 1293 estc-onore-

425 1308 661 1364 yativum,

433 1384 479 1420 et
516 1376 581 1419 ad
616 1387 669 1419 u

458 1445 627 1489 omtu'a

416 1514 666 1559 convertit.

395 2218 399 2222 ’
419 2233 496 2278 Sie-
532 2235 679 2278 etiam

498 2303 599 2349 lux.

706 500 773 543 ra
800 491 886 545 est
924 498 991 542 ac
1030 499 1312 543 numerus
1347 490 1750 556 tempestatum
1778 498 1847 540 ac
1873 484 2118 555 dierum,
2149 490 2205 541 et
2233 485 2428 541 omnis

706 583 889 639 nostri
925 584 1223 653 temporis:
1262 582 1371 640 hoc
1409 582 1564 640 enim
1603 589 1690 639 est
1726 580 1873 638 illud
1913 580 2113 638 lumen
2133 623 2151 651 ,
2195 582 2428 641 tametsi

706 686 849 736 tunc
890 694 1007 736 non
1050 686 1169 736 erat
1214 678 1546 751 figuratum,
1577 677 1734 749 quod
1761 677 1908 734 dixit
1935 678 2168 735 divinus
2203 678 2430 748 Moyses
2479 696 2484 703 ·

707 776 1039 835 distinxisse
1067 776 1213 833 illud
1240 777 1494 847 primum
1523 776 1752 832 dierum
1781 782 2110 831 nostrorum
2141 775 2423 833 triduum.

708 872 901 943 Atque
940 880 1007 930 ut
1046 874 1241 931 omnia
1278 875 1505 931 bonitas
1545 875 1618 931 ad
1659 888 1722 931 se
1761 873 2068 944 convertit,
2097 873 2423 945 primaque,

708 986 841 1042 quae
868 972 1123 1042 dispersa
1150 977 1305 1041 sunt,
1336 971 1571 1045 colligit,
1593 978 1888 1043 tamquam
1916 971 2132 1028 unifica
2159 972 2434 1028 divinitas

711 1074 767 1125 et
806 1068 1154 1138 principium
1198 1068 1463 1139 unitatiS,
1519 1068 1830 1139 omniaque
1879 1069 2064 1137 ipsam
2108 1074 2172 1123 ut
2212 1068 2428 1139 princi·

712 1164 890 1235 pium,
936 1169 999 1220 ut
1038 1164 1426 1235 complexum,
1455 1171 1519 1221 ut
1547 1165 1724 1221 finem
1751 1170 2060 1235 appetunt;
2090 1165 2434 1235 bonumque

714 1261 859 1318 illud
900 1268 987 1317 est
1028 1258 1117 1333 (ut
1160 1260 1456 1331 Scriptura
1505 1275 1670 1318 sacra
1717 1260 1996 1334 testatur)
2039 1275 2114 1321 cx
2153 1274 2274 1331 quo
2315 1275 2439 1318 om—

713 1359 811 1416 nia
852 1357 1260 1427 constiterunt,
1290 1366 1348 1415 et
1376 1358 1554 1415 veluti
1581 1372 1616 1414 a
1642 1358 2054 1428 perfectissima
2095 1372 2272 1414 causa
2298 1372 2431 1428 pro-

714 1456 887 1513 ducta
928 1464 1085 1528 sunt,
1128 1464 1182 1513 et
1226 1457 1287 1513 in
1314 1468 1433 1527 qua
1461 1456 1785 1512 consistunt
1813 1455 2100 1525 universa,
2129 1460 2432 1525 tamquam

715 1553 777 1609 in
816 1550 998 1611 fundo
1040 1560 1249 1611 cuncta
1290 1554 1618 1611 continente
1657 1552 1966 1621 custodita,
2012 1557 2436 1623 contentaque;
2495 1572 2504 1583 ·

715 1656 771 1707 et
830 1650 904 1707 ad
958 1650 1115 1720 quod
1168 1652 1394 1721 omnia,
1449 1657 1747 1720 tamquam
1807 1649 1880 1705 ad
1943 1648 2120 1705 finem
2181 1662 2432 1721 quaeque

714 1761 921 1817 suum,
962 1754 1409 1823 convertuntur,
1467 1746 1739 1817 quodque
1793 1750 2072 1815 appetunt
2125 1746 2432 1816 universa,

716 1842 997 1913 spiritalia
1023 1840 1260 1912 quidem
1288 1844 1627 1912 rationeque
1655 1841 1876 1898 utentia
1903 1840 2168 1912 scienter,
2197 1842 2437 1899 sensilia

718 1954 855 1997 vero
902 1940 1187 2005 sensiliter
1197 1956 1214 2009 3
1261 1954 1394 2009 quae
1446 1944 1640 1995 autem
1691 1953 1895 1995 sensus
1947 1936 2088 1995 sunt
2136 1941 2394 2009 expertia
2413 1983 2434 2010 ,

718 2034 919 2090 innato
957 2038 1119 2090 motu
1160 2032 1350 2090 vitalis
1393 2033 1774 2103 appetitioniS,
1806 2041 1861 2090 et
1903 2048 2035 2104 qnae
2063 2034 2181 2097 vita
2207 2043 2432 2105 carent,

718 2142 787 2184 ac
825 2128 1223 2184 tantummodo
1252 2129 1539 2200 existunt,
1569 2128 1626 2184 vi
1654 2131 1902 2199 quadam
1933 2129 2006 2186 ad
2032 2130 2212 2187 solius
2239 2146 2432 2189 essen-

719 2224 813 2280 tiae
852 2223 1344 2294 participationem
1388 2238 1674 2295 propensa
1727 2232 1882 2281 sunt.
1927 2226 2142 2283 Eadem
2183 2227 2438 2285 clarissi-

719 2334 831 2377 mae
870 2319 1263 2377 similitudinis
1317 2322 1538 2378 ratione
1593 2320 1698 2378 lux
1756 2334 1989 2391 quoque
2039 2321 2256 2393 colligit
2298 2337 2434 2380 con-

719 2418 1007 2488 vertitque
1046 2417 1120 2475 ad
1147 2432 1209 2475 se
1236 2421 1432 2476 omnia
1462 2433 1593 2489 quae
1623 2419 1915 2488 videntur,
1943 2432 2079 2497 quae
2105 2427 2436 2491 moventur,

720 2530 853 2586 quae
891 2514 1275 2588 illustrantur,
1312 2530 1444 2586 quae
1483 2515 1793 2583 calescunt,
1825 2528 2072 2585 quaeque
2112 2516 2436 2575 universim

720 2614 897 2670 radiis
938 2614 1069 2685 ejus
1112 2614 1610 2683 perstringuntur:
1655 2612 1812 2668 unde
1851 2610 1994 2673 ἥλιος
2036 2628 2138 2670 sen
2179 2614 2288 2686 sol,
2331 2630 2432 2673 no-

719 2724 856 2768 men
896 2709 1083 2779 habet,
1128 2710 1284 2780 quod
1325 2709 1519 2785 omnia
1561 2708 1728 2765 faciat
1769 2708 1946 2780 ἀολλῆ,
1993 2710 2051 2768 id
2092 2717 2194 2782 est,
2237 2713 2436 2771 omnia

719 2814 908 2865 servet
948 2807 1135 2878 salva,
1180 2812 1235 2864 et
1276 2812 1584 2878 congreget
1625 2807 1895 2878 dispersa:
1950 2809 2022 2865 Et
2063 2809 2259 2885 omnia
2285 2804 2434 2881 ‘quae

719 2905 1003 2962 sentiendi
1045 2905 1163 2961 vim
1204 2904 1417 2961 habent
1459 2917 1592 2960 eum
1634 2912 1928 2976 appetunt,
1967 2906 2058 2964 vel
2089 2913 2160 2979 ut
2181 2908 2432 2978 videant,

719 3000 811 3056 vel
852 3006 917 3056 ut
958 3008 1315 3070 moveantur,
1359 3006 1415 3055 et
1457 2998 1876 3073 illuminentur,
1920 3009 1976 3059 et
2017 3003 2330 3076 calescant,
2378 3014 2434 3064 et

722 3096 971 3167 denique
1024 3102 1089 3153 ut
1144 3096 1579 3167 contineantur,
1623 3105 1678 3155 et
1728 3106 2142 3157 conserventur
2193 3116 2228 3158 a
2283 3102 2430 3160 luce.

719 3192 997 3263 Non-hoc
1036 3193 1189 3263 dico,
1232 3200 1297 3251 ut
1340 3192 1672 3267 Antiquitas
1713 3176 2099 3270 existimabat,
2133 3200 2302 3269 ‚quod
2345 3200 2432 3258 sol

723 3290 796 3347 sit
836 3285 1021 3365 De'uS,
1074 3296 1129 3349 et
1179 3299 1380 3351 auctor
1430 3274 1714 3369 universi,
1759 3295 1862 3366 qui
1902 3294 2060 3353 hunc
2107 3300 2429 3374 mundum,
