2667 4259
559 913 605 969 S.
631 911 656 955 1
669 910 717 957 Ο.

507 982 609 1037 Quo
629 994 780 1027 sensu

438 1082 448 1090 -
541 1114 548 1119 ·
571 1053 708 1099 Deus

546 1113 741 1168 dicatu'r

522 1193 741 1252 oequalis.

571 3252 616 3307 S.
655 3250 682 3295 1
695 3283 706 3296 .

525 3323 660 3389 Urffde
683 3322 755 3367 di-

571 3400 716 3439 catur

805 288 917 349 242
1279 304 1324 347 s.
1370 296 1615 349 mouisti
1658 304 2033 351 Anuomcrm

805 416 922 467 tem
962 408 1033 467 de
1056 407 1304 487 ‘illarum
1337 409 1529 467 stabili
1560 424 1863 483 progressu
1904 425 1973 469 ac
2015 410 2273 469 faecundo
2316 418 2503 483 statu;

805 507 1102 581 circularis
1129 507 1379 579 denique
1418 510 1489 565 de
1527 500 1845 567 idemtitate'
1870 504 1939 567 ac
1966 508 2363 581 complexione
2390 526 2505 567 me-

807 607 1032 663 diorum
1073 613 1245 677 atque
1271 614 1659 664 extremorum
1686 622 1819 681 qua}
1848 608 2141 665 continent
2168 615 2344 679 atque
2372 623 2507 665 con-

805 706 1079 776 tinentur,
1121 713 1176 763 et
1213 706 1286 763 de
1318 705 1577 777 ¹illorum,
1622 719 1753 775 quae
1791 706 1867 763 ab
1894 706 2016 777 ipso
2053 706 2407 777 prodierunt,
2436 708 2509 764 ad

807 804 996 877 ipsum
1037 805 1423 865 conversione.
1434 860 1445 869 .‚
1978 869 1985 878 ,

807 969 814 977 ,
887 902 946 960 Si
975 904 1104 981 quis
1126 918 1260 976 vero
1287 904 1357 961 in
1376 904 1603 979 sanctis·
1618 902 1927 975 Scripturis
1955 916 2183 975 nomen,
2216 890 2337 989 quo'
2352 904 2513 961 Deus

807 1002 1137 1072 nominatur
1163 1002 1331 1074 idem,
1362 1008 1419 1071 et
1444 1017 1559 1076 quo
1586 1004 1919 1061 nominatur
1940 1002 2153 1075 iustuS,
2184 1004 2244 1061 in
2272 1004 2511 1061 nomine

805 1100 1018 1172 divino,
1033 1115 1150 1171 quo
1170 1101 1505 1159 nominatur
1522 1102 1777 1175 aequaliS,
1794 1101 2051 1173 accipiat,
2072 1101 2381 1159 dicendum
2402 1108 2512 1173 est,

805 1201 1136 1263 Deumesse
1155 1198 1455 1273 aequalem,
1472 1214 1595 1275 *non
1614 1200 1803 1257 solum
1832 1206 1895 1257 ut
1922 1206 2211 1271 expertem
2232 1200 2513 1271 partium,

805 1306 864 1361 et
891 1298 993 1374 qui
1019 1314 1054 1355 a
1079 1306 1234 1357 recto
1261 1298 1550 1357 declinare
1576 1314 1708 1357 non
1749 1299 1943 1371 possit,
1971 1298 2071 1356 sed
2110 1304 2173 1357 ut
2210 1298 2269 1357 in
2310 1299 2512 1357 omnia

807 1391 865 1457 et
889 1413 991 1470 per
1017 1399 1209 1475 omnia
1235 1397 1535 1469 aequaliter
1548 1394 1855 1479 meantem,
1879 1405 1935 1455 et
1955 1404 2019 1454 ut
2046 1412 2147 1469 per
2176 1412 2239 1457 se
2268 1398 2511 1469 aequali-

808 1498 938 1555 tatis
973 1498 1314 1568 effectorem,
1343 1480 1663 1555 secundum
1702 1511 1874 1568 quam
1912 1497 2211 1569 aequaliter
2238 1503 2518 1585 operatur

809 1596 1055 1655 similem
1085 1596 1345 1655 omnium
1373 1610 1476 1668 per
1502 1596 1626 1667 ipsa
1652 1596 1799 1655 inter
1826 1611 1887 1653 se
1914 1596 2221 1666 incessum,
2250 1601 2306 1653 et
2332 1597 2513 1668 parti-

809 1697 1148 1769 cipationem
1177 1695 1477 1766 aequaliter
1501 1695 1979 1767 participantium,
2012 1702 2075 1751 ut
2106 1695 2388 1765 quodque
2418 1710 2513 1751 eo»

808 1811 942 1855 rum
982 1802 1180 1868 aptum
1221 1801 1322 1866 est,
1352 1801 1406 1853 et
1434 1795 1715 1866 aequalem
1753 1794 1814 1853 in
1852 1794 2045 1851 omnia
2077 1808 2179 1865 pro
2220 1795 2515 1865 cujusque

810 1898 1086 1970 dignitate
1109 1895 1587 1966 distributionem,
1616 1902 1671 1954 et
1698 1902 1983 1966 quatenus
2011 1909 2239 1954 omnem
2270 1895 2512 1966 aequali·

808 2000 982 2051 tatem
1010 1980 1414 2061 intellectilem,
1445 1992 1874 2065 intelligentem,
1902 1992 2354 2064 ratiocinantem,
2378 2008 2512 2051 sen-

808 2092 1060 2160 tientem,
1075 2090 1529 2159 substantialem,
1546 2090 1887 2161 naturalem,
1904 2090 2307 2161 voluntariam,
2324 2104 2516 2149 exem-

809 2194 911 2261 pte
933 2194 988 2247 et
1015 2188 1174 2247 unite
1201 2188 1260 2245 in
1289 2203 1351 2245 se
1381 2188 1501 2258 ipse
1528 2188 1875 2260 anticipavit,
1900 2190 2218 2249 secundum
2239 2190 2515 2247 virtutem

812 2288 1004 2347 omnia
1031 2292 1416 2359 superantem,
1446 2287 1751 2359 omnisque
1778 2287 2119 2375 mqualitatis
2146 2286 2513 2347 effectricem.

1396 2438 1785 2497 οᾼιηνι*
1824 2406 1933 2495 'x.

807 2542 909 2617 De
937 2545 1410 2629 omnitenente,
1440 2546 1706 2635 antiquo
1736 2544 1994 2614 dierum
2010 2567 2027 2627 ;
2058 2542 2124 2613 in
2154 2563 2282 2634 quo
2315 2545 2515 2613 etiam

1021 2642 1104 2715 de
1141 2664 1276 2714 aevo
1313 2640 1835 2740 seu-aeternitate
1874 2648 1939 2711 et
1972 2648 2299 2732 tempore.

1309 2796 1655 2855 SYNOPSIS
1699 2798 1997 2855 CAPITIS.

879 2920 931 2967 1.
955 2919 1114 2974 Dicit,
1137 2902 1268 2965 unde
1290 2920 1429 2965 Deus
1452 2918 1646 2964 dicatur
1668 2905 2037 2982 παντοκράτωρ
2065 2930 2152 2963 seu
2187 2919 2513 2963 omnitenens.

811 3012 860 3057 2.
903 3010 1037 3057 Unde
1072 3010 1228 3055 dietus
1265 3010 1332 3053 sit
1366 3009 1603 3067 antiquus
1640 3009 1847 3055 dierum.
1886 3006 1934 3053 3.
1964 3008 2091 3062 Quid
2126 3008 2193 3053 sit
2227 3015 2441 3065 tempus,
2470 3014 2516 3052 et

809 3101 1059 3147 aeternitas
1094 3112 1182 3145 seu
1215 3110 1392 3153 cenum,
1430 3106 1475 3145 et
1510 3100 1689 3157 quibu-5
1724 3097 1977 3158 competat.

813 3214 948 3337 Sed
977 3284 1200 3348 tempus
1227 3281 1312 3335 est
1337 3276 1593 3335 oratione
1621 3282 1815 3335 nostra
1842 3276 2027 3333 Deum
2056 3273 2510 3347 multinomium,

812 3383 872 3437 ut
901 3376 1365 3449 omnitenentem,
1390 3381 1445 3433 et
1472 3380 1535 3433 ut
1556 3372 1859 3445 antiquum
1876 3373 2120 3448 dierum,
2136 3372 2506 3447 praedicandi.
