2667 4259
799 330 1212 374 uersa-ora
1267 331 1389 374 vm.
1833 317 1944 374 281

237 435 444 493 furore
483 433 814 490 Dominum.
862 434 970 496 Ubi
999 448 1132 491 vero
1161 434 1405 491 decretis
1448 432 1533 489 ini
1558 446 1595 490 a
1620 434 1739 492 Deo
1766 434 1951 506 digni-

235 531 462 590 tatibus
501 531 782 589 illustrem
827 531 1158 602 praedicant,
1197 545 1232 588 a
1272 531 1702 601 praeeminente·
1720 532 1957 604 benigni

237 629 354 686 Dei
394 629 708 686 imitatione
763 628 1226 686 commendatus:
1283 634 1406 684 erat
1446 628 1601 685 enim
1642 629 1957 689 admodum

237 733 616 797 mansuetuS,
673 732 850 796 atquc
903 727 1030 784 ideo
1084 727 1188 782 Dei
1244 725 1499 782 ramulus
1553 733 1957 797 nuncupatur,

217 815 588 894 'caeterisque
636 823 934 911 Prophetis
989 822 1218 894 dignior
1269 823 1345 880 ad
1399 822 1713 880 videndum
1752 823 1959 880 Deum.

241 920 406 987 Quin
449 920 566 977 imo
603 935 740 980 cum
781 919 1058 977 adversus
1099 933 1235 981 eum
1275 926 1333 976 et
1374 919 1659 978 Aaronem
1700 911 1773 978 de
1812 922 1959 978 Pon·
2006 925 2139 972 Num.
2170 924 2255 970 ιο.

239 1018 472 1075 tificatu
511 1033 582 1074 ae
622 1018 808 1090 gentis
851 1017 1178 1088 principatu
1223 1018 1584 1088 impudentes
1610 1018 1793 1088 aliqui
1833 1033 1960 1089 pro-

241 1121 410 1172 terve
449 1113 818 1185 dimicarent,
875 1115 1034 1172 omni
1090 1129 1230 1172 sane
1284 1115 1520 1172 honoris
1546 1099 1643 1174 'ac
1682 1116 1963 1188 primatus

239 1212 566 1272 ambitione
607 1195 842 1282 celsior,
885 1211 938 1268 ei
981 1212 1084 1283 qui
1123 1227 1160 1268 a
1199 1213 1318 1269 Deo
1370 1212 1709 1284 eligeretur,
1766 1215 1965 1284 populi

243 1310 653 1381 praefecturam
693 1309 997 1366 deferebat.
1043 1310 1326 1366 Caeterum
1366 1311 1467 1368 ubi
1508 1310 1569 1366 in
1611 1311 1801 1382 ipsum
1830 1327 1963 1372 con-

237 1410 564 1481 jurassent,
604 1408 962 1479 pristinaque
1000 1408 1401 1478 exprobrando
1454 1409 1639 1466 minas
1691 1410 1965 1467 intentas·

245 1512 413 1575 sent,
453 1505 692 1576 jamque
733 1505 850 1562 fere
889 1506 1170 1575 impetum
1211 1505 1506 1576 fecissent,
1562 1513 1689 1564 tum
1730 1507 1967 1566 demum

243 1608 596 1664 mansuetus
649 1602 748 1660 ille
802 1602 1021 1660 bonum
1077 1602 1310 1672 quidem
1366 1603 1553 1660 Deum
1607 1603 1668 1660 in
1722 1603 1967 1661 salutem

243 1701 589 1770 advocabat,
632 1714 844 1772 magna
884 1712 1020 1758 vero
1059 1699 1383 1758 constantia
1420 1699 1821 1771 singularique
1844 1717 1966 1758 mo·

245 1801 441 1858 destia
481 1805 832 1856 contestatus
875 1804 975 1868 est,
1005 1812 1068 1855 se
1095 1797 1382 1854 insontem
1424 1812 1549 1854 esse
1576 1797 1969 1855 calamitatum

245 1898 520 1958 omnium
563 1911 696 1966 quae
735 1895 984 1954 subditis
1025 1895 1419 1952 obvenissent:
1464 1895 1677 1966 quippe
1714 1903 1968 1969 noverat,

239 1997 296 2054 ei
341 1993 459 2066 qui
499 1995 650 2052 hono
689 1996 808 2050 Deo
850 1991 1207 2050 familiariter
1247 1993 1447 2063 utitur,
1478 2006 1581 2062 pro
1623 1992 1841 2050 viribus
1876 2007 1969 2050 eo-

243 2095 538 2163 nandum,
582 2099 647 2153 ut
687 2092 892 2163 eidem,
921 2096 1206 2162 quantum
1234 2097 1417 2162 potest
1453 2090 1597 2162 fleri,
1640 2090 1971 2148 simillimus

247 2192 492 2262 evadat,
537 2190 764 2259 sibique
805 2190 1090 2250 bonorum
1143 2202 1385 2258 operum
1438 2189 1705 2248 conscius
1746 2190 1970 2246 existat.
2061 2187 2225 2232 David

245 2290 411 2357 Quid
457 2301 632 2359 porro
673 2287 855 2344 David
897 2284 1064 2342 illum
1105 2285 1208 2341 Dei
1249 2285 1691 2357 progenitorem,
1720 2287 1971 2344 amicum
2004 2270 2287 2372 ,ηἶζζζζζῖῗα

249 2389 373 2444 Deo
417 2383 712 2442 reddidit?
751 2383 966 2452 Nempe
996 2382 1152 2451 quod
1181 2387 1332 2438 esset
1360 2381 1565 2450 bouus,
1610 2387 1666 2438 ct
1694 2381 1753 2438 in
1782 2383 1973 2440 hostes
2089 2399 2200 2442 dene

248 2485 569 2556 benignus,
613 2481 832 2550 Inveni,
875 2478 1066 2549 inquit
1109 2476 1207 2534 ille
1260 2477 1671 2550 praehenignus
1714 2480 1973 2550 benigni·
2016 2469 2257 2582 ιξηδῖϋηῑὲ·

244 2579 391 2638 tatis
435 2584 676 2650 amator,
719 2579 1010 2636 hominem
1053 2575 1377 2640 secundum
1418 2589 1518 2634 cor
1556 2591 1771 2634 meum.
1824 2573 1976 2644 Quin
2058 2539 2210 2652 sagi?
2250 2568 2267 2581 '

251 2679 376 2736 imo
419 2676 678 2746 benigna
730 2675 856 2747 lege
909 2674 1198 2735 sancitum
1257 2678 1410 2744 erat,
1466 2679 1531 2729 ut
1580 2674 1977 2744 jumentorum
2006 2678 2158 2723 Exod.
2200 2677 2284 2722 23.

249 2789 506 2848 quoque
547 2773 766 2832 inimici
805 2784 944 2830 cura
985 2776 1295 2844 gereretur.
1340 2771 1445 2828 Job
1490 2773 1665 2832 ,etiam
1708 2779 1773 2830 ut
1814 2773 1977 2832 inno·
2036 2749 2275 2864 Simssl‘trer

253 2874 470 2932 centiae
515 2877 706 2943 tenax,
745 2870 1092 2942 justificatus
1133 2874 1236 2934 est,
1281 2868 1471 2939 Atque
1498 2869 1703 2941 Joseph
1746 2872 1979 2931 insidia·
2046 2892 2167 2941 101„
2208 2898 2253 2934 a

251 2978 420 3028 tores
463 2969 672 3026 fratres
715 2983 834 3026 non
861 2974 945 3024 est
973 2966 1162 3024 ultus:
1205 2966 1469 3038 Abelque
1494 2967 1845 3040 simpliciter,
1872 2985 1982 3028 nec
2036 2959 2187 3014 ΑΜ,
2220 2968 2267 3005 ‘²²

247 3067 592 3138 quidquam
619 3065 920 3136 suspicans
941 3064 1244 3122 comitatus
1265 3071 1351 3121 est
1371 3065 1734 3124 fratricidam.
1768 3067 1981 3136 Omnes
2012 3032 2290 3158 Joffss'shgp

251 3164 526 3234 denique
567 3161 874 3233 Theologia
913 3161 1096 3218 bonos
1136 3160 1423 3232 praedicat,
1454 3163 1555 3233 qui
1596 3177 1788 3233 neque
1830 3165 1982 3224 mala
2037 3179 2085 3215 et
2110 3151 2197 3216 ἠ’
2225 3171 2270 3228 7,.

254 3259 644 3330 praesagiunt,
685 3273 878 3331 neque
919 3259 1211 3328 simulant,
1241 3259 1343 3316 sed
1370 3274 1445 3317 ne
1470 3260 1719 3320 aliorum
1748 3263 1979 3333 quidem
2037 3241 2266 3355 Gegb⁵⁰⁹

256 3357 494 3422 malitia
538 3358 754 3424 bonum
797 3359 1096 3432 deserunt,
1153 3357 1252 3416 sed
1296 3372 1327 3416 e
1368 3358 1593 3420 diverso
1635 3360 1982 3418 deiformiter
2013 3379 2125 3428 Gen.
2161 3383 2208 3428 4.
2242 3384 2287 3440 3,
