2667 4259
510 1653 557 1707 S.
596 1651 646 1698 4.

519 1722 649 1775 Quid

442 1794 539 1839 cibi
568 1792 719 1839 velint

489 1871 660 1923 preces

762 322 875 379 136
1233 337 1277 377 s.
1320 335 1566 385 nioursu
1608 333 1981 377 nazoraeum

750 440 939 512 jerem
976 454 1175 499 rerum
1220 439 1548 498 divinarum
1597 438 1808 513 suique
1855 443 2243 509 contemptum
2285 436 2474 495 deve-·

753 541 963 599 nirent.
988 539 1116 599 Non
1143 539 1460 611 incongrue
1483 544 1678 597 autem
1717 537 2102 597 admittuntur
2126 537 2199 594 ad
2227 551 2294 595 ea
2322 552 2455 608 quae

750 637 849 695 hic
876 643 1173 711 geruntur,
1196 643 1261 696 ut
1279 637 1578 709 perspicue
1603 636 1826 695 discant
1853 643 1908 695 et
1934 637 2232 695 advertant
2251 636 2454 695 mortis

756 737 1221 797 incertitudinem
1246 743 1303 794 et
1328 742 1660 795 sanctorum
1687 736 1923 807 praemia
1950 749 2080 806 quae
2110 734 2170 793 in
2199 733 2454 805 Scriptu-

753 838 834 896 ris
872 838 1025 895 veris
1062 836 1452 906 celebrantur,
1495 848 1744 907 quaeque
1782 834 1898 893 illis
1937 834 2264 906 eorumque·
2293 834 2454 895 simi-

752 936 908 995 libus
946 936 1191 1008 impuris
1230 935 1561 996 hominihus
1589 934 1868 1007 supplicia
1908 934 2133 993 infinita
2165 934 2454 997 intentan-

752 1042 879 1093 tur:
922 1048 957 1091 e
996 1033 1209 1105 quibus
1248 1036 1452 1105 utique
1497 1032 1834 1107 spectaculis
1883 1032 2025 1091 forte
2065 1033 2319 1091 fructum
2361 1047 2454 1091 ca·

752 1133 927 1204 pient,
948 1132 1090 1190 dum
1110 1138 1362 1203 cernent,
1385 1146 1518 1189 eum
1539 1132 1642 1203 qui
1667 1137 1862 1190 sancte
1887 1130 2028 1187 obiit
2053 1130 2452 1189 ministrorum

750 1230 1158 1305 praedicatione
1189 1228 1486 1299 celebrari,
1515 1235 1581 1287 ut
1606 1243 1740 1287 vere
1765 1235 2088 1287 consortem
2120 1235 2452 1287 sanctorum

751 1332 855 1403 qui
893 1344 931 1387 a
969 1327 1163 1389 seculo
1202 1335 1371 1399 sunt,
1413 1328 1636 1398 ipsique
1681 1326 1937 1385 fortassis
1979 1325 2262 1385 consimili
2303 1326 2453 1384 desi-

745 1430 908 1488 derio
948 1428 1292 1501 flagrabunt,
1320 1434 1377 1485 et
1401 1426 1798 1485 ministrorum
1825 1425 2128 1497 disciplina
2159 1426 2452 1485 docebun-

752 1535 866 1599 tur,
895 1542 1071 1601 quam
1098 1542 1231 1587 vere
1257 1528 1422 1586 beata
1449 1527 1522 1585 sit
1548 1526 1610 1584 in
1639 1522 1860 1584 Christo
1887 1526 2324 1585 consummatio.

826 1626 1047 1685 Deinde
1092 1627 1370 1685 accedens
1423 1624 1675 1685 Antistes
1729 1638 1954 1697 precem
2004 1638 2226 1683 sacram
2275 1638 2452 1697 super

748 1726 1017 1785 defuncto
1056 1720 1304 1799 ‘pei-agit:
1349 1739 1466 1797 qua
1505 1724 1697 1795 finita,
1740 1725 1978 1795 ipsemet
2020 1722 2272 1781 Antistes
2313 1740 2450 1783 eum

747 1824 978 1897 salutat,
1018 1826 1335 1896 ordineque
1375 1823 1640 1894 deinceps
1676 1836 1788 1881 suo
1831 1836 2030 1881 omnes
2072 1822 2176 1893 qui
2215 1823 2447 1881 adsunt.

406 1952 411 1959 -
450 1934 704 1979 Antistius
746 1926 927 1997 Rogat
968 1926 1163 1997 itaque
1201 1924 1526 1995 precatione
1564 1921 1666 1979 illa
1703 1921 1960 1980 divinam
2007 1922 2339 1993 bonitatem,
2383 1929 2450 1981 ut

500 2018 655 2063 super

348 2104 353 2113 -
454 2074 695 2133 cle-fimeto.

519 2146 648 2199 Ouid

449 2218 701 2264 salutatio·

584 2286 595 2311 l

504 2540 639 2596 s.5.

473 2612 667 2664 Quanta

520 2684 625 2729 eim

438 2755 693 2811 promissa

482 2826 668 2869 sanctis

442 2894 696 2952 defunctis.

432 3324 479 3371 i.
510 3326 619 3374 Cor.
659 3327 708 3373 2.

548 3399 593 3443 9.

745 2022 1014 2080 defuncto
1054 2027 1283 2093 peccata
1320 2021 1518 2079 omnia
1547 2019 1813 2090 dimittat,
1841 2034 1978 2091 quae
2001 2034 2104 2093 per
2130 2020 2447 2083 humanam

743 2121 1137 2180 infirmitatem
1178 2126 1470 2179 contracta
1507 2126 1661 2190 sunt,
1697 2131 1950 2191 eumque
1989 2120 2051 2177 in
2091 2120 2280 2179 lucem
2314 2136 2446 2179 san-

744 2227 894 2277 ctam
934 2234 1004 2276 ac
1044 2219 1305 2278 vivorum
1349 2216 1639 2289 regionem
1681 2218 2002 2289 transferat,
2031 2225 2087 2277 et
2113 2216 2351 2281 collocet
2384 2218 2448 2279 iu

744 2318 879 2376 sinu
917 2318 1191 2391 Abrahae,
1233 2318 1407 2389 Isaac,
1451 2324 1506 2375 et
1546 2316 1735 2387 Jacob,
1777 2317 1839 2375 in
1881 2315 2006 2374 loco
2045 2330 2082 2375 a
2121 2331 2239 2388 quo
2281 2316 2449 2431 dolor

741 2424 797 2476 et
836 2418 1065 2479 tristitia
1104 2418 1470 2491 gemitusque
1507 2416 1836 2488 aufugiunt.

819 2519 953 2575 Haec
988 2518 1191 2589 utique
1224 2517 1542 2587 perspicua,
1571 2521 1636 2571 ut
1659 2503 1924 2585 arbitror}
1955 2514 2281 2583 beatissima
2308 2532 2444 2575 san·

740 2622 961 2673 ciorum
1002 2614 1239 2686 praemia
1276 2619 1431 2671 sunt.
1460 2612 1684 2682 Ecquid
1718 2612 1872 2669 enim
1907 2613 2170 2684 perfeetae
2205 2614 2444 2674 immor·

740 2713 945 2773 talitati
998 2714 1155 2771 omni
1208 2712 1438 2770 tristitia
1489 2711 1738 2782 carenti,
1791 2710 2038 2783 luceque
2091 2712 2444 2785 plenissimae

738 2813 984 2871 conferri
1024 2809 1249 2869 valeat?
1288 2816 1672 2885 praeterquam
1700 2810 1856 2880 quod
1883 2811 2290 2883 promissiones
2317 2814 2446 2873 istae

740 2918 931 2975 mente
968 2911 1225 2982 qualibet
1260 2908 1646 2979 sublimioreS,
1674 2909 1764 2967 vel
1800 2909 2050 2969 maxime
2093 2911 2166 2973 ad
2209 2904 2444 2983 captum

740 3017 1003 3068 nostrum
1044 3008 1484 3067 accommodatis
1533 3009 1851 3067 rationibus
1901 3022 2170 3080 expresse
2208 2998 2444 3071 carum·

739 3110 871 3167 dem
909 3116 1104 3167 tamen
1152 3107 1558 3179 appellationes
1611 3124 1648 3165 a
1699 3108 1840 3167 reali
1889 3108 2152 3180 ipsarum.
2203 3111 2444 3169 veritate

739 3208 1057 3281 plurimum
1098 3207 1382 3265 deficiant.
1413 3206 1710 3281 Siquidem
1737 3208 2047 3281 -Scriptura
2087 3208 2214 3267 haee
2253 3211 2441 3269 omni·

739 3299 817 3365 no
854 3320 990 3365 vera
1029 3313 1144 3365 est:
1191 3306 1462 3373 Quoniam
1513 3308 1706 3365 oculus
1755 3322 1869 3365 non
1916 3306 2082 3379 vidit,
2131 3324 2229 3366 nec
2279 3310 2443 3370 aum

740 3408 985 3479 audivit,
1030 3422 1126 3466 nec
1164 3407 1224 3464 in
1262 3420 1360 3466 cor.
1397 3406 1629 3467 nomini:
1681 3406 1954 3477 ascendit,
1997 3422 2118 3481 quae
2151 3424 2440 3483 praepara·

2652 366 2655 441 A
