2667 4259
556 372 627 413 nn
658 372 873 413 mvuus
903 373 1207 415 Nommnus
1232 388 1306 399 —
1331 372 1514 417 cArur
1545 374 1618 415 w.
1833 360 1948 417 183

231 474 589 543 decrescenS,
632 488 739 531 nee
780 489 853 531 ex
895 481 1055 545 parte
1094 489 1214 531 una
1256 474 1582 546 pulchrum,
1627 481 1682 532 et
1723 488 1796 533 ex
1835 476 1951 533 alia

230 578 423 643 turpe,
455 586 643 642 neque
671 572 813 629 alias
840 573 1077 643 quidem
1119 573 1428 644 pulchrum
1471 572 1613 629 alias
1639 586 1774 629 vero
1802 586 1950 641 non3

230 681 431 738 neque
468 668 543 724 ad
582 668 693 724 hoe
734 669 1065 739 pulchrum,
1104 676 1159 726 et
1198 670 1271 726 ad
1314 669 1462 725 illud
1503 669 1948 739 inconcinnum3

230 780 433 835 neque
472 764 567 821 hie
608 766 843 835 quidem
887 766 983 836 ita,
1026 765 1165 823 alibi
1205 780 1344 823 vero
1383 766 1566 838 aliter,
1593 780 1704 822 nee
1730 772 1794 821 ut
1821 766 1950 823 aliis

233 862 575 931 formosum,
618 862 747 919 aliis
788 877 923 920 vero
965 864 1219 920 deforme
1227 879 1247 932 3
1290 864 1392 919 sed
1421 869 1484 919 ut
1513 864 1703 932 ipsum
1745 877 1948 920 seeun-

231 960 381 1015 dum
422 972 501 1026 se,
531 964 706 1028 atque
732 974 928 1015 seeum
959 960 1261 1029 uniforme,
1290 972 1516 1029 semper
1542 959 1792 1015 existens
1821 958 1951 1029 pul·

230 1056 463 1125 chrum,
494 1061 667 1125 atque
696 1038 989 1112 fontanam
1031 1056 1285 1112 universi
1314 1055 1542 1126 pulchri
1569 1055 1950 1126 pulchritudi-

231 1167 375 1209 nem
418 1152 477 1207 in
518 1152 709 1222 seipso
747 1152 1065 1209 eminenter
1092 1153 1436 1223 anticipem,
1475 1154 1952 1223 praehabensque.

232 1251 305 1305 In
346 1249 475 1319 ipsa
510 1248 668 1304 enim
708 1255 917 1305 natura
956 1248 1203 1319 simplici
1244 1264 1314 1305 ac
1355 1249 1780 1319 supernaturali
1821 1248 1948 1319 pul·
2053 1253 2192 1299 Deus

232 1346 513 1402 ebrorum
558 1344 961 1401 universorum
1002 1344 1189 1403 omnis
1242 1344 1640 1415 pulchritudo,
1683 1351 1740 1401 et
1779 1358 1952 1401 omne
2005 1324 2244 1437 “ssfg'ff‘

230 1441 549 1512 pulchrum
589 1441 954 1498 uniformiter
980 1442 1301 1497 secundum
1343 1454 1578 1497 oausam
1621 1441 1950 1510 praeexistit.
2019 1463 2245 1507 omnium

231 1540 330 1595 Ex
370 1539 479 1595 hoo
507 1540 631 1610 ipso
658 1538 901 1609 pulchro
938 1540 1113 1595 rebus
1157 1538 1428 1595 omnibus
1455 1537 1716 1609 obtingit,
1749 1539 1954 1595 insint
1978 1531 2256 1613 putem-itu-

238 1636 477 1707 singula
498 1636 817 1693 seeundum
846 1636 1136 1706 propriam
1164 1636 1446 1692 rationem
1473 1634 1738 1706 puleium
1757 1642 1810 1695 et
1831 1650 1956 1705 pro-
2000 1602 2250 1715 αζᾞῖῗαῗι

232 1742 365 1805 pter
404 1732 717 1803 pulchrum
743 1740 879 1789 sunt
906 1748 1107 1791 omnes
1134 1733 1561 1803 congruentiae,
1587 1740 1642 1789 et
1669 1733 1956 1805 amicum,

234 1838 295 1889 et
336 1832 912 1901 communicationem
967 1837 1021 1887 et
1062 1844 1163 1901 per
1205 1828 1519 1900 pulohrum
1569 1837 1778 1887 cuneta
1819 1846 1954 1900 oon·

230 1930 569 2001 iunguntur
582 1945 601 1999 ;
629 1935 805 1998 atque
842 1928 1151 1999 pulchrum
1180 1935 1267 1985 est
1292 1928 1556 1985 omnium
1583 1928 1955 1999 principium,

236 2033 309 2083 ut
350 2040 523 2083 eausa
562 2026 851 2096 estimem,
892 2031 948 2081 et
990 2039 1256 2097 movens,
1301 2032 1358 2107 et
1399 2027 1668 2085 universa
1709 2028 1956 2097 propriae

235 2122 691 2195 pulchritudinis
730 2136 925 2178 amore
966 2123 1269 2180 continens
1283 2140 1302 2194 ;
1332 2130 1388 2179 et
1415 2130 1480 2179 ut
1507 2124 1642 2180 finis
1671 2124 1954 2195 omnium,

236 2228 419 2291 atque
445 2220 505 2277 id
534 2220 689 2289 quod
730 2220 1018 2289 appetitur
1044 2224 1344 2289 tamquam
1372 2234 1546 2277 musa
1573 2221 1764 2277 finalis
1793 2219 1957 2292 (nam

238 2317 471 2389 pulchri
514 2316 693 2387 gratia
736 2323 943 2373 cuneta
984 2314 1161 2387 siunt)
1202 2321 1257 2370 et
1298 2314 1672 2385 exemplaris,
1703 2317 1842 2385 quia
1867 2331 1954 2388 se-

240 2414 505 2471 eundum
544 2412 692 2468 illud
730 2412 927 2468 omnia
967 2410 1340 2467 definiuntur.
1386 2410 1771 2476 Quamobrem
1801 2412 1956 2470 idem

240 2519 333 2569 est
370 2510 696 2581 pulchrum,
722 2516 898 2580 atque
938 2510 1183 2577 bonum,
1215 2507 1493 2577 quoniam
1533 2507 1725 2563 omnia
1751 2522 1958 2587 secun·

242 2610 389 2665 dum
418 2621 647 2663 omnem
689 2620 922 2663 causam
962 2604 1273 2676 pulchrum
1311 2607 1366 2659 et
1404 2604 1622 2660 bonum
1648 2610 1958 2674 appetunt3

244 2712 305 2761 et
344 2703 493 2759 nihil
533 2709 617 2759 est
658 2703 718 2757 in
762 2716 957 2759 rerum
997 2708 1227 2771 natura,
1252 2700 1398 2771 quin
1439 2698 1748 2769 pulchrum
1775 2706 1831 2755 et
1858 2700 1958 2755 bo·

244 2816 395 2859 num
438 2800 750 2871 participet.
785 2799 1027 2857 Audebo
1050 2801 1221 2856 etiam
1262 2799 1370 2855 hoe
1411 2797 1626 2865 dicere,
1655 2796 1812 2865 quod
1839 2809 1959 2857 non

243 2905 337 2955 est
377 2897 685 2967 pulchrum
728 2902 785 2953 et
824 2897 1045 2953 bonum
1087 2894 1458 2967 participare:
1505 2898 1644 2949 tuno
1681 2892 1836 2949 enim
1873 2898 1960 2951 est
2037 2970 2043 2977 ,

244 2998 443 3066 ipsum
486 2994 797 3064 pulchrum
838 2998 895 3051 et
934 2993 1185 3062 bonum,
1226 2992 1459 3062 quando
1501 2990 1562 3046 in
1603 2988 1724 3045 Deo
1759 2989 1962 3047 lauda-

242 3101 349 3149 tur
389 3102 565 3163 supra
606 3089 1004 3158 substantiam,
1036 3088 1348 3146 auferendo
1380 3088 1668 3145 universa.
1697 3087 1962 3157 Denique

244 3191 362 3249 hoe
404 3202 615 3245 unum.
634 3188 851 3245 bonum
892 3192 948 3243 et
987 3186 1297 3256 pulchrum
1340 3184 1709 3257 singulariter
1735 3192 1820 3241 est
1847 3198 1968 3240 om-

246 3286 419 3343 nium
459 3284 777 3341 multorum
818 3282 1193 3353 pulchrorum
1234 3266 1291 3338 et
1330 3283 1616 3340 bonorum
1657 3294 1846 3339 causa.
1875 3280 1963 3337 Ex
1985 3254 2260 3383 ''5222ss-

246 3385 361 3442 hoc
403 3396 599 3442 rerum
641 3380 899 3438 omnium
942 3379 1349 3437 substantiales
1405 3379 1754 3450 existentiae,
1799 3378 1963 3435 unio·
2005 3395 2116 3440 dine
2142 3403 2260 3441 sum
