2667 4259
562 2081 608 2135 ς.
652 2078 697 2125 8.

504 2149 754 2204 Quomodo

497 2235 557 2266 ιω
580 2221 686 2266 Deo
706 2220 772 2264 sit

788 306 907 367 5164
1245 320 1317 365 ἐ.
1363 322 1609 365 moursu
1653 316 2032 367 anseranum
2119 350 2126 355 ·

790 440 997 485 sensus
1038 424 1292 498 attingit,
1334 426 1502 483 nulla
1541 432 1752 483 natura
1792 424 2076 498 nullaque
2117 406 2372 497 cognitio
2411 440 2503 498 pe-

788 530 997 583 netrat.
1039 522 1233 582 Veluti
1288 538 1422 581 cum
1475 538 1754 581 arcanum
1807 522 1956 580 illud
1997 524 2506 595 superessentiale,

792 622 885 679 vel
926 622 1112 678 Deum
1126 663 1144 691 ‚
1186 620 1278 679 vel
1318 622 1495 683 vitam
1510 665 1528 694 ,
1569 620 1660 678 vel
1703 620 2118 689 substantiam,
2161 618 2253 677 vel
2296 619 2510 691 lucem,

794 719 888 778 vel
928 708 1185 778 Verbum
1226 720 1601 791 appellamus,
1623 718 1776 800 ⁴nihil
1819 717 1980 776 aliud
2021 731 2199 789 quam
2225 718 2318 775 vel
2347 719 2508 776 deifi-

794 830 910 889 caS,
954 816 1042 873 v‘el
1086 809 1539 889 substantificae,
1581 815 1673 873 vel
1701 816 1975 887 vivificas,
2004 814 2096 873 vel
2123 816 2512 886 sapientificas

793 914 1039 971 -virtutes
1081 914 1477 987 intelligimus,
1523 928 1656 986 quae
1695 915 1768 971 ab
1809 928 1876 971 eo
1919 903 1990 971 in'
2021 926 2127 971 nos
2169 914 2474 971 dimanant
2493 932 2511 985 ;

795 1011 986 1083 ipsum
1014 1017 1207 1069 autem
1234 1014 1497 1071 omnium
1527 1014 1736 1071 mentis
1763 1013 2162 1085 operationum
2191 1013 2516 1070 cessatione

792 1109 1202 1181 contingimus„
1232 1124 1368 1168 cum
1408 1111 1630 1169 nullam
1675 1125 1978 1170 cernamus
2019 1110 2330 1169 divinitatis
2375 1110 2514 1169 esre-

796 1208 1073 1278 ctionem,
1118 1208 1344 1267 nullam
1386 1211 1592 1281 vitam,
1636 1216 1738 1267 aut
1779 1208 2112 1282 essentiam,
2163 1223 2296 1280 quae
2335 1208 2516 1281 plane

796 1304 1002 1363 <similis
1044 1300 1117 1363 si't
1140 1318 1351 1364 ‘causae
1393 1303 1511 1378 illi,
1555 1321 1686 1378 quae
1727 1306 1951 1364 cunctis
1989 1320 2094 1377 per
2136 1319 2367 1363 omnem
2412 1320 2514 1363 ex-

794 1403 1122 1462 cellentiam
1163 1404 1468 1463 antecellit.
1513 1406 1766 1461 Rursum
1794 1418 1831 1461 a
1855 1402 2170 1476 scripturis
2209 1404 2392 1461 sacris
2419 1419 2516 1461 ac-

794 1502 1082 1574 cepimus,
1124 1504 1354 1559 Patrem
1397 1503 1634 1574 quidem
1673 1516 1800 1559 esse
1840 1501 2120 1573 originem
2162 1501 2224 1557 in
2263 1502 2515 1571 divinis,
2602 1534 2611 1543 -

793 1598 995 1657 iesum
1037 1612 1173 1657 vero
1200 1606 1255 1656 et
1284 1599 1885 1688 Spiritum‘sanctum,
1929 1597 2097 1669 quasi
2135 1598 2240 1653 Dei
2270 1598 2515 1669 prolem,

798 1696 909 1767 vel,
953 1696 1001 1753 si
1045 1696 1203 1755 dictu
1246 1696 1331 1755 fas
1375 1688 1476 1767 sit,
1509 1696 1674 1767 quasi
1717 1695 1977 1767 germina
2005 1694 2226 1765 divina,
2269 1694 2519 1752 floresve

796 1806 867 1850 ac
907 1792 1131 1851 lumina
1170 1791 1748 1863 supersubstantialia
1787 1790 2067 1849 existere:
2111 1803 2368 1861 quonam
2411 1804 2515 1847 au-

796 1895 915 1945 tem
956 1894 1121 1960 pacto
1160 1904 1285 1947 sese
1324 1889 1600 1961 habeant,
1644 1902 1835 1959 neque
1874 1887 2071 1959 eloqui
2109 1901 2304 1957 neque
2343 1886 2514 1944 intel-

796 1985 975 2057 ligere
1015 1985 1292 2043 valemus.

796 2108 806 2116 -<
882 2082 1165 2142 Caeterum
1218 2082 1500 2139 hactenus
1553 2082 1744 2140 omnis
1793 2082 2115 2140 intellectus
2165 2083 2346 2139 nostri
2393 2090 2517 2140 stu-

801 2180 961 2237 dium
1004 2194 1072 2236 eo
1098 2176 1301 2249 tendit,
1332 2187 1398 2236 ut
1426 2177 1724 2252 intelligat,
1753 2180 2042 2251 quomodo
2085 2178 2282 2237 divina
2321 2181 2518 2237 omnis

546 2291 709 2336 omnis
798 2278 1111 2349 paternitas
1150 2284 1208 2335 et
1248 2270 1465 2349 filiatio,
1497 2292 1570 2335 ex
1596 2276 2076 2348 supra-eminenti
2115 2275 2378 2335 omnium
2407 2277 2518 2334 Pa-

510 2362 736 2418 paterna·-
800 2375 1125 2433 triarchatu,
1159 2374 1382 2446 filiique
1408 2374 1764 2446 Principatu,
1791 2380 1910 2431 tam
1937 2372 2105 2430 nobis
2133 2386 2310 2444 quam
2338 2388 2522 2445 supra

564 2438 642 2475 &18
668 2438 714 2476 οἳ

534 2498 725 2557 finan-0·
802 2472 1127 2531 caelestibus
1166 2473 1479 2529 virtutibus
1521 2470 1747 2529 indulta
1771 2470 1866 2541 sit,
1891 2484 1966 2527 ex
1992 2482 2110 2541 qua
2137 2469 2222 2541 fit,
2249 2472 2320 2527 ut·
2341 2470 2520 2527 etiam

800 2569 881 2627 dii
932 2570 1292 2641 deorumque
1344 2569 1448 2627 sslii
1503 2583 1570 2626 ac
1624 2576 1813 2639 patres
1863 2568 1980 2649 sint
2033 2581 2101 2625 ac
2139 2568 2522 2627 nominentur

796 2675 1023 2725 mentes
1064 2668 1402 2737 deiformeS,
1445 2666 1661 2735 quihus
1701 2664 2052 2736 ejuscemodi
2094 2665 2410 2735 paternitas
2449 2679 2521 2723 ac

800 2764 1003 2823 filiatio
1028 2763 1366 2836 spiritaliter
1393 2762 1704 2830 confertur,
1734 2762 1906 2845 mopo
1933 2762 2150 2819 scilicet
2179 2762 2518 2833 incorporeo

800 2874 837 2917 a
876 2861 1115 2919 materia
1154 2866 1467 2933 segregato,
1510 2857 1959 2930 intellectilique,
2001 2870 2120 2930 quo
2151 2864 2348 2917 tamen
2389 2858 2518 2930 Spi-

799 2957 951 3014 ritus
990 2958 1249 3025 divinuS,
1293 2962 1360 3014 ut
1402 2968 1578 3026 supra
1619 2968 1851 3013 omnem
1893 2969 2024 3027 quoe
2065 2956 2289 3026 concipi
2331 2962 2521 3027 potest

800 3054 1058 3112 materiae
1117 3052 1464 3111 vacuitatem
1524 3067 1592 3110 ac
1647 3052 2066 3111 deificationem
2129 3056 2480 3113 constitutus
2499 3100 2519 3125 ,

800 3149 1149 3209 eminentior
1188 3150 1402 3221 existit,
1445 3152 1549 3222 uti,
1592 3157 1649 3208 et
1688 3152 1858 3209 Pater
1897 3151 2212 3223 Filiusque,
2240 3152 2314 3209 ab
2358 3154 2520 3210 omni

800 3247 979 3310 simili
1016 3248 1358 3323 paternitate
1395 3264 1464 3307 ac
1503 3248 1780 3307 filiatione
1817 3248 2013 3306 divina
2053 3249 2376 3308 eminenter
2417 3266 2520 3308 ex-

797 3346 994 3427 empti.
1036 3346 1165 3405 Non
1206 3346 1363 3405 enirn
1403 3355 1489 3406 est
1531 3348 1778 3421 perfecta
1807 3353 1862 3403 et
1890 3348 2152 3405 absoluta
2193 3348 2518 3407 similitudo
