2667 4259
504 324 575 368 ιιιι
604 312 1157 375 nrvmis·sou1mnus
1186 314 1269 374 -.-—'
1288 315 1476 372 carlm-
1506 329 1567 372 11.
1779 310 1893 373 165

172 440 383 484 corum
426 414 559 497 quie
600 426 802 486 effecta
842 432 981 485 sunt
1030 434 1087 487 et
1126 435 1464 488 causarum.
1507 428 1654 501 quin
1705 430 1898 503 potius
1951 438 2173 500 Effectus

174 522 395 583 habent
438 525 675 619 quidem
718 524 925 585 effecta
966 536 1293 597 causarum,
1322 528 1516 599 quoad
1543 526 1668 585 fieri
1695 534 1898 599 potest,
1977 514 2171 557 ”mm

176 614 491 695 imagines3
532 622 673 695 ipsae
698 628 837 681 vero
864 624 1057 683 caus‘ae
1098 638 1171 681 ex
1212 624 1429 683 effectis
1457 632 1736 697 exemptae
1763 632 1901 683 sunt
1983 595 2169 704 ⁶:225,

174 726 233 779 et
273 733 385 793 pro
426 720 648 779 ratione
686 720 1041 793 principatus
1084 722 1175 779 sui
1217 735 1394 793 supra
1433 716 1646 781 locatae
1671 737 1738 780 ac
1767 722 1899 779 fun·
2018 734 2122 767 non

176 820 359 877 datae:
406 826 463 876 et
502 825 567 876 ut
593 820 947 877 nostratibus
988 820 1265 907 exemplis
1294 824 1454 891 utar,-
1484 820 1806 893 voluptates
1834 834 1902 879 ac
1931 799 2192 918 3223?oe

166 917 421 975 dolores
462 916 699 976 efficere
744 917 1053 988 dicuntur,
1096 924 1162 974 ut
1200 916 1464 977 homines
1504 918 1773 976 laetentur
1809 918 1901 976 vel

176 1014 451 1085 doleant,
491 1000 686 1072 tamen
729 1013 867 1085 ipsae
906 1028 1013 1071 nee
1052 1012 1308 1073 letantur
1345 1026 1455 1071 nec
1481 1014 1706 1073 dolent:
1749 1014 1902 1088 ignis

182 1114 363 1171 etiam
407 1127 543 1171 cum
582 1110 877 1171 calefaciat
905 1110 961 1170 et
987 1110 1306 1183 comburat,
1349 1126 1470 1197 nou
1511 1119 1706 1171 tamen
1745 1128 1902 1173 eom·

182 1210 327 1267 buri
371 1217 429 1268 et
470 1209 717 1271 calefieri
757 1209 985 1269 dicitur.
1029 1209 1101 1267 Et
1134 1210 1190 1267 si
1231 1210 1364 1281 quis
1401 1211 1578 1274 vitam
1607 1210 1792 1281 ipsam
1817 1210 1900 1268 vi-

185 1322 325 1366 vere
366 1315 471 1365 aut
510 1308 829 1366 illuminari
868 1306 1059 1365 lucem
1086 1307 1311 1379 dixerit,
1341 1322 1470 1365 mea
1509 1308 1745 1379 quidem
1771 1322 1903 1367 sen-

185 1405 369 1463 tentia
386 1448 405 1476 ,
448 1419 569 1463 non
607 1406 844 1463 omnino
885 1410 1038 1463 recte
1091 1405 1320 1465 locutus
1361 1405 1563 1475 fuerit,
1601 1405 1718 1463 nisi
1758 1406 1904 1483 forte

185 1504 313 1563 haee
352 1502 469 1561 alio
508 1504 679 1561 modo
720 1505 901 1573 dicat,
952 1504 1109 1575 quod
1158 1503 1439 1561 nimirum
1479 1502 1902 1572 abundantiuS,

184 1606 241 1657 et
266 1598 595 1659 secundum
620 1596 963 1672 essentiam,
990 1612 1059 1659 ea
1078 1612 1209 1673 quae
1236 1605 1376 1658 sunt
1401 1598 1712 1657 effectuum
1740 1600 1903 1673 prius

186 1698 305 1757 sint
348 1710 557 1758 causae.

264 1797 425 1864 Quin
464 1797 653 1867 etiam,
694 1797 751 1853 id
794 1796 951 1868 quod
978 1802 1063 1853 est
1088 1795 1352 1853 omnium
1379 1808 1512 1867 quae
1553 1796 1626 1853 de
1665 1797 1784 1853 Deo
1813 1794 1897 1853 di-

184 1900 407 1951 cuntur
442 1893 854 1963 clarissimum,
910 1893 1107 1951 divina
1160 1894 1343 1965 ipsius
1395 1892 1564 1951 JESU
1617 1906 1652 1951 e
1691 1899 1902 1951 natura
2001 1907 2048 1963 s.
2089 1907 2138 1951 9.

189 1994 393 2049 nostra
436 1992 699 2049 sonnatio
718 2034 734 2061 ‚
788 1998 844 2048 et
898 1990 1205 2049 ineffabilis
1260 1998 1348 2049 est
1401 2004 1666 2052 sermone
1705 1992 1864 2051 omni
1884 2036 1902 2064 ,
1963 1976 2161 2059 ,mam

188 2089 459 2159 nullique
498 2094 653 2163 nota·
672 2087 1091 2161 intelligentiae,
1121 2090 1293 2165 etiam
1324 2090 1433 2160 ipsi
1472 2090 1900 2161 antiquissimo·
1955 2059 2184 2162 ’Ἒῖᾌὲιὲ

185 2202 323 2245 rum
374 2184 731 2257 Angelorum
782 2184 1029 2256 primati.
1085 2186 1275 2257 Atque
1328 2202 1464 2245 eum
1516 2183 1752 2259 quidem
1796 2186 1902 2244 viri
1949 2187 2180 2231 omnibus

187 2286 437 2343 formam
480 2289 536 2339 et
576 2282 955 2341 substantiam
984 2283 1390 2353 assumpsisse,
1419 2285 1658 2354 mystice
1683 2286 1901 2356 accepi·
1978 2258 2176 2371 ἰθῖξζη*

188 2396 343 2451 mus,
387 2380 489 2437 sed
531 2381 846 2451 ignoratur,
876 2379 1167 2449 quomodo
1206 2392 1282 2435 ex
1321 2377 1578 2450 Virginis
1619 2380 1904 2452 sanguine

176 2479 306 2537 alia
346 2490 525 2550 quam
566 2483 790 2535 naturae
828 2477 957 2549 lege
998 2476 1072 2533 sit
1112 2476 1465 2547 efformatus,
1505 2488 1696 2547 quove
1736 2484 1902 2548 paeto

188 2577 356 2634 siccis
398 2572 657 2647 pedihus,
704 2575 805 2646 qui
846 2575 1101 2647 corporis
1127 2570 1340 2659 molem'
1383 2579 1438 2630 et
1481 2574 1732 2631 materiae
1759 2584 1901 2645 pon-

191 2678 303 2733 dus
346 2675 655 2746 haherent,
697 2674 979 2745 liquidam
1032 2671 1517 2745 perambulaverit
1565 2672 1904 2744 fluxamque
1953 2654 1964 2665 ⁹

192 2774 595 2843 substantiam,
623 2772 853 2842 aliaque
893 2766 1191 2842 perfecerit
1228 2783 1364 2841 quae
1405 2769 1904 2840 supernaturalem
1980 2786 1988 2794 ·

192 2871 367 2929 JESU
408 2876 681 2927 naturam
724 2865 993 2927 indicant.
1038 2867 1254 2927 Verum
1296 2868 1421 2925 haec
1459 2880 1495 2925 a
1535 2865 1702 2925 nobis
1729 2865 1904 2926 etiam

190 2966 331 3026 alibi
372 2968 514 3025 satis
556 2960 864 3041 explieatass
894 2970 949 3023 et
976 2966 1053 3022 ab
1076 2964 1293 3035 inclyto
1333 2968 1682 3035 maeceptore
1705 2970 1904 3022 nostro

196 3078 375 3137 supra
416 3071 641 3121 naturae
679 3062 921 3121 modum
947 3059 1113 3118 valde
1140 3058 1430 3119 celebrata
1469 3067 1607 3118 sunt
1635 3060 1696 3117 in
1721 3060 1904 3119 -Theo-

190 3162 395 3235 logicis
436 3162 617 3233 ipsius
658 3158 974 3229 elementiS,
1018 3172 1150 3229 quae
1178 3158 1277 3214 ille
1302 3157 1515 3228 partim
1541 3152 1904 3229 a-Theologis

190 3260 409 3318 sanctis
448 3259 685 3330 accepit,
713 3244 923 3330 partim
950 3255 1123 3313 etiam
1149 3268 1223 3313 ex
1251 3256 1446 3315 solerti
1475 3256 1904 3327 scripturarum

194 3358 561 3429 indagatione
603 3358 773 3426 longo
815 3350 1087 3412 exercitio
1128 3366 1195 3411 ac
1236 3360 1491 3425 tempore
1529 3348 1900 3425 comprehen-
