2667 4259
572 291 643 334 nu
670 290 825 336 scen.
854 289 1084 336 umnam.
1117 307 1192 322 —-
1221 293 1405 338 carm·
1436 295 1518 336 111.
1826 279 1903 337 83

175 397 554 469 intueamur,
605 409 766 456 more
816 397 1210 468 Hierarehico,
1263 397 1581 469 quemlibet
1634 403 1901 455 exactum

179 493 284 550 SS.
331 493 514 566 huius
558 493 910 552 sacramenti
953 496 1132 553 ritum
1173 501 1230 554 et
1269 495 1765 570 significationem.
1800 525 1809 532 ·

724 671 806 741 11.
859 671 1373 744 MYSTERIUM

495 801 836 896 Synaxeos
886 825 1010 876 seu
1064 806 1591 878 communionis.

261 981 538 1040 Pontifex
577 995 804 1054 precem
847 995 1070 1041 sacram
1109 984 1183 1042 ad
1220 984 1407 1042 'altare
1446 983 1550 1041 Dei
1586 980 1901 1052 celebratu-

179 1095 323 1151 rus,
367 1081 446 1137 ab
483 1079 742 1152 eiusdem
783 1081 1080 1139 suffitione
1121 1081 1353 1140 initium
1396 1081 1625 1152 tacienS,
1670 1081 1901 1138 univer·

179 1193 320 1236 sum
361 1179 564 1236 circuit
591 1177 762 1236 Chori
795 1179 1078 1266 ambitum
1093 1196 1111 1250 3
1147 1179 1330 1239 donec
1357 1191 1597 1238 rursum
1622 1181 1695 1239 ad
1722 1178 1903 1236 altare

181 1276 454 1334 divinum
506 1262 766 1348 redienS,
811 1291 1045 1338 sacrum
1093 1277 1220 1336 infit
1267 1277 1632 1334 Psalmorum
1688 1275 1899 1348 meloS,

183 1374 350 1432 omni
389 1374 594 1432 ordine
640 1375 1038 1433 Ecclesiastico
1087 1389 1312 1432 sacram
1362 1376 1471 1446 ipsi
1522 1375 1903 1447 psalmodiam

183 1472 538 1532 succinente.
580 1474 692 1534 Per
739 1471 1035 1534 ministros
1085 1473 1293 1532 exinde
1344 1465 1762 1544 consequenter
1812 1487 1903 1530 sa-

185 1586 426 1628 crarum
481 1571 910 1643 Scripturarum
963 1570 1132 1629 lectio
1187 1570 1487 1628 recitatur:
1540 1585 1659 1642 qua
1710 1570 1870 1628 finita
1883 1615 1902 1641 ‚

1998 997 2143 1042 Rima

1984 1080 2157 1114 conae·

1984 1140 2160 1184 orandi

1950 1207 2190 1266 Synaxin.

183 1681 354 1726 sacro
379 1670 606 1726 ambitu
637 1675 908 1728 arcentur
935 1668 1362 1740 catechumeni,
1392 1674 1611 1726 etcum
1640 1668 1711 1726 iis
1739 1677 1901 1726 ener-
2012 1693 2017 1698 ·

183 1767 432 1840 gumeni
471 1781 540 1824 ac
578 1767 943 1840 poenitemes,
997 1766 1112 1825 illis
1153 1767 1256 1838 qui
1286 1765 1627 1828 divinorum
1668 1774 1903 1840 aspectu

165 1872 244 1921 ·et
283 1864 710 1924 communione
735 1865 895 1938 digni
924 1872 1064 1922 sunt
1089 1866 1538 1923 remanentibus».
1575 1867 1754 1923 Porro
1795 1866 1901 1921 mi-

185 1964 506 2022 nistrorum
549 1963 786 2034 quidem
815 1964 932 2021 -alii
977 1963 1190 2025 clausis
1235 1962 1459 2035 Templi
1502 1964 1721 2022 foribus
1760 1963 1900 2027 assi-

193 2070 373 2133 stunt,
415 2060 515 2118 alii
557 2077 692 2120 vero
731 2061 894 2120 aliud
933 2063 1228 2134 quidpiam
1269 2064 1429 2135 quod
1454 2063 1527 2120 sit
1554 2063 1773 2122 ordinis
1811 2063 1903 2120 sui

189 2168 388 2234 agunt.
449 2161 562 2228 Qui
615 2167 810 2218 autem
865 2161 926 2216 in
979 2159 1379 2232 ministrorum
1432 2161 1634 2218 ordine
1686 2162 1903 2232 primas

191 2265 390 2318 tenent
403 2302 420 2330 ,
463 2273 583 2317 una
623 2273 757 2316 cum
801 2259 1204 2318 Sacerdotibus
1245 2258 1442 2316 divino
1483 2259 1651 2316 altari
1690 2273 1901 2329 panem

190 2371 424 2416 sacrum
463 2357 822 2430 calicemque
859 2356 1272 2414 benedictionis
1313 2356 1638 2428 imponunt,
1668 2357 1741 2412 ab
1768 2357 1900 2413 uni-

187 2467 358 2514 versa
413 2455 775 2528 plenitudine
833 2455 1103 2514 Ecclesiae
1170 2454 1467 2512 communi
1530 2453 1900 2526 hymnologia
1954 2485 1961 2491 ·

189 2555 504 2626 praemissa.
543 2553 634 2612 Ad
674 2555 800 2612 haec
837 2554 1070 2612 divinus
1110 2553 1377 2611 Pontifex
1414 2567 1641 2614 sacram
1680 2552 1902 2626 peragit

191 2653 594 2726 precationem,
637 2659 1012 2724 sanctamque
1051 2652 1274 2710 cunctis
1299 2665 1501 2724 pacem
1528 2655 1900 2722 apprecatur:

193 2758 246 2808 et
285 2751 428 2808 dum
469 2765 670 2808 omnes
701 2751 946 2809 invicem
972 2751 1397 2821 amplexantur,
1428 2749 1671 2820 mystica
1710 2759 1900 2806 sacro·

193 2863 326 2906 rum
375 2849 741 2908 voluminum
793 2849 1048 2908 recitatio
1099 2837 1318 2907 finitur‘.
1370 2848 1519 2904 Tum
1569 2847 1701 2904 lotis
1748 2861 1903 2919 aqua

193 2948 462 3006 manibus
497 2947 798 3006 Pontificis
849 2961 918 3004 ac
967 2947 1372 3018 sacerdotum,
1414 2945 1679 3004 Pontifex
1720 2943 1903 3003 divini

193 3046 388 3104 altaris
443 3047 660 3106 medio·
685 3045 930 3117 assistit,
981 3046 1491 3104 circumstantibus
1546 3045 1713 3103 illum
1764 3045 1902 3103 solis

195 3145 592 3204 ministrorum
626 3143 975 3216 primoribus
1001 3159 1121 3202 una
1147 3159 1282 3202 cum
1311 3144 1730 3204 Sacerdotibus.
1761 3145 1899 3202 Por-

195 3255 260 3300 ro
300 3245 402 3302 ubi
442 3243 708 3304 Pontifex
747 3250 1108 3302 sacrosancta
1133 3243 1236 3300 Dei
1265 3257 1509 3301 munera
1536 3241 1901 3313 collaudavit,

199 3341 550 3404 divinissima
590 3347 886 3404 consecrat
911 3341 1201 3416 mysteria,
1231 3355 1365 3415 quae
1406 3341 1577 3401 etiam
1620 3339 1901 3400 celebrata
