2667 4259
484 282 568 333 nu,
588 282 801 325 mvxms
828 257 1134 327 Nomm'nus
1164 298 1239 310 --
1270 281 1452 325 CAPUT
1482 282 1556 323 1v.
1764 270 1872 325 187

244 386 447 455 Neque
486 400 621 443 vero
664 401 769 442 nos
810 386 1123 459 quisquam
1153 392 1313 456 putet
1341 392 1539 443 contra
1567 379 1876 455 Scripturae

164 485 563 541 auctoritatem
614 486 827 541 amoris
879 498 1091 541 nomen
1143 484 1448 541 celebrare.
1503 486 1604 540 Est
1645 466 1799 539 enim
1839 498 1874 539 a

164 581 391 637 ratione
432 581 705 651 alienum,
750 586 815 637 ut
857 582 1075 652 opinor,
1119 588 1173 638 et
1214 570 1570 650 absurdunn'
1595 596 1714 637 uon
1755 581 1872 636 vim

164 677 351 747 ipsam
394 678 640 734 instituti
682 658 1000 747 attendera'
1022 680 1121 735 sed
1150 680 1324 735 verba
1340 696 1357 749 3
1391 693 1582 747 neque
1608 678 1716 733 hoe
1743 690 1872 748 pto-

163 774 359 842 prium
403 780 488 830 est
524 788 731 830 eorum
762 775 862 843 qui
890 788 983 829 res
1010 774 1234 831 divinas
1264 774 1584 845 intelligere
1611 774 1872 843 eupiunt,

164 874 266 930 sed
308 887 479 930 sonos
520 874 699 930 exiles
748 879 1142 945 aucupantur,
1188 874 1544 943 eosdemque
1593 872 1872 929 extrinse-

163 984 269 1025 cus
308 984 453 1027 aune
493 976 662 1027 tenus
696 970 1031 1039 admittunt,
1061 985 1253 1041 neque
1292 970 1440 1025 seire
1483 968 1700 1038 volunt,
1733 968 1874 1037 quid

164 1066 567 1138 hujuscemodi
610 1068 783 1125 dictio
824 1068 1121 1138 significet,
1152 1074 1207 1123 et
1236 1082 1490 1137 quonam
1533 1067 1703 1124 modo
1745 1065 1874 1123 aliis

166 1165 337 1220 etiam
380 1166 571 1221 verbis
612 1164 1117 1235 aequipollentibus
1156 1171 1211 1222 et
1238 1164 1648 1235 explanatoriis
1675 1163 1749 1218 sit
1775 1178 1872 1219 ex·-

166 1262 464 1333 ponenda,
508 1263 607 1319 sed
644 1262 858 1319 addicti
900 1269 1040 1319 sunt
1090 1262 1386 1319 elementis
1427 1277 1496 1318 ae
1532 1260 1701 1317 lineis
1743 1274 1876 1330 quae

163 1358 410 1429 intelligi
453 1374 571 1417 non
613 1366 871 1429 possunt,
915 1358 1268 1429 syllabisque
1297 1364 1352 1413 et
1385 1357 1575 1413 verbis
1618 1356 1873 1426 incogni-

162 1454 269 1524 tis,
326 1470 457 1525 quae
508 1456 741 1513 illorum
793 1455 1149 1512 intellectum
1178 1454 1440 1510 ⁴minime
1490 1454 1729 1521 feriunt,
1775 1452 1874 1508 sed

162 1560 331 1611 extra
384 1554 601 1609 eii-eum
655 1554 819 1609 labra
876 1559 931 1609 et
993 1566 1163 1609 aures
1218 1566 1418 1608 eorum
1473 1557 1872 1621 perstrepunt,

162 1650 339 1721 quasi
390 1664 507 1705 non
550 1650 723 1724 ‚liceat
773 1657 1023 1720 quatuor
1072 1664 1174 1719 per
1214 1649 1301 1705 bis
1355 1648 1472 1704 duo
1519 1646 1871 1719 significare,

161 1752 269 1803 aut
312 1746 597 1817 simplices
646 1744 827 1803 lineas
878 1760 983 1817 per
1030 1745 1212 1803 lineas
1248 1752 1479 1827 'rectam
1524 1751 1624 1800 aut
1665 1750 1871 1801 mater-

164 1856 311 1899 num
356 1843 545 1899 solum
596 1858 700 1913 per
750 1846 1029 1914 patrium,
1074 1851 1175 1925 aut
1225 1843 1385 1901 aliud
1437 1842 1733 1913 quodlibet
1770 1854 1875 1911 per

165 1941 221 1995 id
269 1941 425 2009 quod
478 1941 538 1995 in
590 1941 857 2010 piurimis
882 1928 1179 1998 ‘orationis
1226 1942 1490 2012 partibus
1531 1936 1871 2009 aeqnivalet:

168 2052 303 2092 eum
349 2042 501 2092 reeta
542 2038 687 2093 ratio
728 2038 955 2109 doceat,
1000 2037 1327 2108 elementis,
1371 2037 1632 2108 syllabis,
1677 2036 1873 2092 dictio-

168 2135 373 2203 nibuS,
418 2134 675 2204 scriptis,
717 2135 1025 2203 verbisque
1076 2150 1181 2190 nos
1232 2137 1316 2192 uti
1366 2142 1600 2206 propter
1639 2148 1874 2203 sensuS,

166 2232 309 2287 adeo
352 2237 417 2286 ut
458 2246 591 2286 eum
634 2232 827 2286 anima
868 2238 1064 2287 nostra
1106 2232 1463 2302 intelligendi
1505 2232 1875 2288 facultatibus

169 2326 353 2383 fertur
390 2328 450 2383 in
492 2340 559 2383 ea
602 2340 733 2394 quae
776 2320 1069 2381 intellectu
1117 2327 1542 2395 percipiuntur,
1583 2334 1710 2382 tum
1751 2327 1874 2381 rru-

172 2430 290 2479 stra
330 2436 536 2479 sensus
577 2436 697 2478 una
738 2401 872 2478 eum
922 2422 1233 2479 sensilibus
1275 2422 1686 2489 adhibeantur,
1727 2423 1878 2479 sieut

168 2521 341 2577 etiam
382 2521 531 2577 vires
574 2520 959 2592 intelligendi,
1003 2520 1239 2590 quando
1280 2518 1474 2575 anima
1509 2519 1627 2590 jam
1669 2517 1876 2573 deifor-

169 2618 284 2673 mis⁴
322 2615 524 2673 effecta
572 2630 675 2687 per
725 2618 980 2688 ignotam
1034 2617 1341 2687 unionem,
1383 2616 1530 2672 lueis
1571 2616 1878 2672 inaeeessae

169 2714 349 2770 radiis
390 2712 707 2769 exoculatis
759 2714 925 2782 quasi
972 2714 1223 2785 iactibus
1262 2728 1325 2771 se
1365 2713 1588 2784 ingerit.
1631 2713 1878 2778 Quando

170 2816 365 2866 autem
408 2821 573 2865 mens
612 2822 717 2879 per
756 2809 989 2865 sensilia
1038 2812 1231 2868 studet
1270 2812 1344 2867 ad
1385 2808 1878 2879 contemplatriees

168 2906 301 2963 illas
348 2906 751 2977 intelligentias
792 2907 1048 2977 excitari,
1091 2908 1574 2977 praestantissimae
1615 2906 1878 2969 omnium

172 3011 313 3061 sunt
355 3004 857 3073 perspicacissimae
898 3018 1175 3061 sensuum
1216 3006 1595 3076 traJeetioneS‚
1626 3010 1690 3059 ut
1716 3018 1877 3074 aper-

168 3102 382 3157 tissimi
438 3114 731 3157 sermones
784 3116 853 3157 ae
906 3101 1237 3157 clarissimae
1298 3102 1577 3171 visiones;
1637 3101 1877 3172 quippe,

168 3192 411 3267 quande
454 3196 553 3253 illa
595 3211 731 3267 quae·
778 3198 1042 3254 sensibus
1094 3198 1315 3268 objecta
1357 3204 1494 3254 sunt
1535 3198 1772 3253 minime
1811 3197 1878 3253 li-

172 3300 377 3364 quent,
424 3300 544 3350 tum
576 3290 789 3365 'utique
828 3308 1032 3351 sensus
1074 3307 1165 3349 res
1206 3294 1446 3351 sensiles
1479 3293 1655 3350 menti
1697 3293 1876 3361 porri-

1957 394 2005 447 ς.
2043 391 2129 438 n.

1950 462 2138 508 Nomen

1950 532 2142 577 amoris

1923 600 2072 645 etiam
2109 602 2164 645 in

1905 670 2176 728 Seripaeuffl

1919 740 2176 785 celebrari.

1926 1558 2040 1605 Non
2064 1566 2168 1605 tam

1927 1630 2150 1674 habenda

1903 1699 2032 1744 ratio
2077 1712 2185 1745 ver-

1958 1770 2138 1813 borum

1974 1850 2127 1897 quam

1920 1906 2166 1964 siqnifioe-

1939 1978 2148 2023 tionum
