2667 4259
759 289 876 352 296
1234 309 1280 352 ε.
1322 307 1571 353 moursn
1612 303 1985 354 AnnoPAmwAE

751 410 1080 484 expertibus
1119 411 1411 471 obducens
1419 424 1439 484 ;
1480 425 1728 484 quorum
1766 407 2265 486 pulchritudinem·
2288 410 2455 470 intus

750 509 1021 570 latentem
1059 512 1109 569 si
1151 513 1282 584 quis
1321 512 1532 572 intueri
1570 512 1779 584 possit,
1820 510 2060 582 reperiet
2086 510 2280 571 omnia
2318 523 2453 582 my-

461 623 714 684 Theoloqia
749 609 890 668 stica
928 616 985 668 et
1023 610 1218 671 divina
1255 617 1312 668 et
1351 611 1533 669 multo
1573 607 1793 668 lumine
1832 608 2171 681 Theologico
2210 607 2454 680 repleta.

481 696 678 810 ‘duflum
748 709 946 782 Neque
985 723 1118 768 vero
1159 710 1551 768 existimemus
1602 709 1781 782 signa·
1814 697 2131 767 formartssn
2168 719 2453 780 apparen-

484 773 690 893 ,23:222
750 809 898 866 tium
937 821 1045 866 sua
1083 803 1316 867 tantum'
1350 821 1523 867 causa
1562 814 1619 866 et
1656 807 1877 866 ratione
1916 806 2105 867 efficta
2144 817 2271 865 esse
2289 849 2307 879 ‚
2348 807 2453 864 sed

448 915 494 954 et
513 908 731 966 12111'1080-
750 907 941 978 potius
991 908 1385 980 integumenta
1433 921 1557 966 esse
1608 906 1857 966 scientiae
1894 920 2137 978 arcanae,
2178 913 2233 964 et
2272 905 2453 978 vulgo

503 979 663 1038 phissa·
751 992 1052 1063 hominum
1092 1004 1350 1077 occultae,
1392 1012 1457 1064 ut
1497 1019 1565 1064 ea
1603 1019 1737 1076 quae
1763 1001 2121 1063 sanctlssima
2147 1009 2301 1076 sunt,
2330 1015 2453 1062 non

752 1099 868 1160 sint
906 1103 1158 1175 profanis
1201 1103 1399 1168 lacilia
1450 1104 1525 1163 ad
1576 1103 1990 1177 inteligendum
2004 1119 2023 1175 3
2075 1103 2176 1160 sed
2224 1109 2453 1162 tantum

751 1214 886 1260 vere
925 1201 1194 1260 studiosis
1234 1203 1546 1260 sanctitatis
1573 1201 1921 1274 aperiantur,
1950 1207 2149 1272 utpote
2172 1197 2453 1272 expeditis

751 1301 828 1359 ab
867 1300 1026 1358 omni
1065 1299 1274 1372 puerili
1327 1300 1667 1374 cogitatione
1708 1300 1770 1356 in
1809 1299 1985 1358 sacris
2036 1297 2350 1370 Symhomr„
2394 1303 2457 1356 et

753 1400 857 1472 qui
895 1400 1017 1458 acie
1056 1398 1264 1458 mentis
1304 1405 1361 1457 et
1401 1398 1617 1472 ingenii
1656 1398 1924 1460 facultate
1963 1398 2037 1458 ad
2062 1395 2451 1469 contemplan-

753 1495 894 1557 dum
937 1497 1159 1569 idonea,
1200 1497 1495 1555 veritatem
1536 1497 1872 1569 simplicem,
1900 1503 1957 1555 et
1981 1509 2157 1570 supra
2181 1502 2455 1556 naturam

753 1592 1158 1668 symbolorum
1199 1595 1562 1667 collocatam,
1615 1596 1846 1668 assequi
1886 1595 2119 1668 possint.
2164 1595 2450 1660 Caeterum

751 1693 862 1753 hoc
921 1695 1332 1754 advertendum
1392 1701 1477 1754 est
1495 1737 1513 1766 ,
1568 1691 1855 1768 duplicem
1908 1707 2032 1754 esse
2085 1692 2450 1754 traditionem

751 1787 1187 1866 Theologorum,
1230 1807 1410 1854 unam
1452 1793 1686 1868 quidem
1726 1805 1994 1850 arcanam
2036 1798 2091 1850 et
2130 1793 2449 1864 mysticam,

751 1889 990 1952 alteram
1031 1905 1166 1950 vero
1205 1896 1461 1964 apertam
1502 1898 1558 1954 et
1598 1892 2079 1953 manifestiorem:
2121 1891 2281 1951 illam
2322 1892 2449 1963 qui·

754 1990 884 2066 dem
925 1989 1316 2062 symbolicam,
1358 1996 1413 2048 et
1452 1990 1526 2050 ad
1566 1991 1837 2060 mysteria
1875 1989 2273 2066 pertinentem,
2300 1990 2451 2048 hanc

753 2102 888 2146 vero
928 2087 1374 2160 philosophicam
1415 2099 1483 2147 ac
1522 2087 2005 2148 demonstrantem
2017 2105 2036 2160 ;
2065 2095 2266 2160 estque
2288 2101 2451 2146 arca·

751 2201 898 2246 num
938 2199 1072 2244 cum
1109 2191 1306 2258 aperto
1346 2199 1690 2246 connexum.
1732 2181 1921 2258 Atque
1960 2186 2069 2244 hoc
2108 2185 2342 2262 quidem
2382 2185 2452 2246 fi-

751 2277 882 2344 dem
925 2285 1073 2359 tacit,
1115 2291 1172 2344 et
1210 2285 1513 2358 adstringit
1542 2287 1835 2344 veritatem
1863 2299 2063 2346 eorum
2090 2298 2224 2358 quae
2248 2283 2453 2346 dicun·

751 2390 868 2457 tur,
888 2381 1198 2464 illudqvero
1225 2385 1401 2445 efficit
1428 2389 1484 2442 et
1511 2385 1572 2445 ln
1599 2385 1735 2457 Dec,
1758 2383 1829 2440 iis
1850 2397 1983 2454 quae
2004 2397 2121 2444 non
2144 2385 2451 2458 docemur,

753 2476 1208 2543 institutionibus
1250 2473 1471 2542 firmat..
1498 2481 1677 2553 Atqui
1703 2495 1811 2541 nec
1838 2481 1903 2542 in·
1926 2483 2297 2543 sanctissimis
2325 2497 2449 2555 my·

749 2581 938 2640 steriis
977 2581 1160 2642 sancti
1194 2580 1449 2661 Magistri
1488 2582 1607 2640 sive
1646 2587 1855 2642 nostrie
1894 2581 2015 2643 sive
2039 2582 2339 2654 Moysaicae
2364 2583 2451 2641 di·

719 2677 1006 2751 isciplinae
1045 2693 1080 2737 a
1121 2679 1405 2751 symbolis
1444 2680 1561 2738 Deo
1612 2653 2107 2753 convenientibus,
2158 2679 2451 2742 abstinue-

744 2758 908 2851 'runt3
950 2778 1096 2852 quin
1134 2777 1323 2851 potius
1365 2777 1626 2838 videmus
1666 2778 1916 2854 Angelos
1953 2780 2116 2840 omni
2152 2781 2451 2841 sanctitate

751 2877 968 2950 plenoS,
1009 2891 1113 2951 per
1153 2879 1456 2951 aenigmata
1496 2890 1586 2936 res
1630 2879 1851 2939 divinas
1890 2880 2128 2951 mystice
2166 2889 2469 2951 promere,

752 2983 810 3036 et
837 2965 1042 3036 'Jesum
1084 2978 1146 3036 in
1187 2977 1505 3050 parabolis,
1546 2978 1617 3035 de
1657 2977 1865 3036 divinis
1906 2978 2099 3051 loqui,
2140 2993 2209 3038 ac
2248 2979 2454 3037 deifica

755 3071 1118 3138 Sacramenta
1157 3091 1270 3150 per,
1298 3076 1556 3150 typicum
1596 3091 1809 3136 mensae
1840 3085 2177 3150 apparatum
2204 3080 2449 3141 tradere.

753 3175 866 3234 Par
904 3176 1058 3233 enim
1113 3181 1266 3246 erat,
1319 3181 1386 3234 ut
1408 3161 1413 3166 ’
1437 3188 1557 3234 non
1615 3176 1805 3234 solum
1858 3176 2068 3235 Sancta
2116 3184 2451 3239 sanctorum

753 3277 1117 3332 servarentur
1156 3273 1330 3348 vulgo
1372 3275 1733 3348 intemerata,
1776 3277 1876 3334 sed
1915 3283 1981 3333 ut
2021 3277 2144 3348 ipsa
2184 3267 2300 3336 vita
2338 3278 2447 3336 hu-

755 3383 956 3447 mana,
998 3381 1128 3447 quoe
1167 3355 1463 3434 individua
1502 3375 1674 3436 simul
1730 3381 1786 3436 et
1826 3373 2059 3438 dividua
2101 3383 2216 3450 est,
2257 3375 2446 3438 lucem

2652 303 2655 398 l

2648 527 2655 634 *ἶ
