2667 4259
765 346 877 403 202
1240 360 1283 401 s.
1329 359 1576 402 meursii
1617 356 1994 401 nator-Antra:

762 464 997 521 omnino
1040 464 1184 523 inest
1228 464 1462 534 quidam
1505 470 1694 521 motus
1738 462 2035 522 desiderii:
2065 464 2224 534 pravi
2263 470 2473 523 autem

761 564 1065 633 dicuntur,
1106 568 1392 633 quatenus
1434 562 1496 620 in
1535 563 1786 620 naturali
1835 563 2058 621 actione
2105 569 2242 619 sunt
2280 564 2466 621 imbe-

760 661 941 718 cilles,
978 662 1314 732 Depravatio
1369 661 1546 733 igitur
1586 662 1668 719 eis
1721 661 1940 721 malum
1983 668 2098 733 est,
2147 676 2466 733 rerumque

760 759 873 817 iliis
914 762 1376 819 convenientium
1414 762 1659 819 desertio
1697 760 2124 831 frustratioque,
2151 767 2326 830 atque
2355 761 2462 817 im-

758 861 1027 930 perfectio
1078 867 1134 917 et
1188 860 1547 931 impotentia:
1591 858 1990 929 facultatisque
2041 860 2100 915 in
2153 860 2242 915 eis
2277 861 2464 930 perre-

758 958 1003 1015 etionem
1056 960 1442 1017 conservantis
1493 959 1821 1027 infirmitas,
1875 964 1930 1014 et
1983 955 2236 1029 abactio,
2279 966 2333 1014 et
2373 959 2461 1014 di-

755 1054 953 1126 lapsio.
996 1056 1146 1123 Quid
1190 1072 1321 1115 vero
1361 1064 1638 1129 praeterea
1693 1056 1910 1115 malum
1953 1056 2016 1113 in
2055 1056 2458 1113 daemonibus?

756 1154 941 1211 Furor
978 1156 1343 1226 irrationaliS‚
1383 1157 1844 1229 concupiscentia
1883 1156 2138 1224 demens,
2179 1156 2460 1227 imagina-

754 1253 835 1309 tio
874 1268 1141 1325 praeceps
1184 1256 1410 1313 Verum
1443 1255 1554 1313 ista
1593 1255 1828 1313 tametsi·
1857 1254 2214 1311 daemonibus
2258 1252 2459 1323 insint,

754 1366 872 1409 non
913 1358 1105 1410 tamen
1145 1354 1432 1424 omnibus,
1473 1368 1664 1425 neque
1703 1353 1937 1411 omnino
1978 1352 2147 1409 etiam
2190 1352 2314 1421 ipsa
2353 1365 2460 1422 per

756 1469 816 1509 se
858 1452 1007 1509 mala
1046 1458 1199 1509 sunt.
1244 1454 1470 1511 Etenim
1513 1453 1572 1509 in
1603 1452 1740 1535 ‘aliis
1781 1450 2129 1509 animalibus
2171 1465 2292 1507 non
2337 1450 2460 1507 isti-

754 1552 983 1608 usmodi
1018 1552 1275 1622 affectio,
1316 1530 1422 1608 sed·
1455 1551 1716 1625 ejusdem
1757 1549 1996 1622 privatio
2037 1550 2226 1621 potius
2269 1548 2462 1607 interi-

752 1657 848 1707 tus
888 1651 1079 1707 existit
1116 1638 1488 1721 animalium,
1519 1658 1574 1707 et
1601 1650 1849 1720 malum,
1891 1650 2018 1720 ipsa
2056 1642 2190 1705 vero
2231 1648 2460 1705 affectio

754 1763 856 1819 per
894 1764 1069 1805 suam·
1098 1749 1496 1807 habitudinem
1522 1756 1726 1819 servat,
1757 1762 1829 1805 ac
1851 1747 2146 1805 constituit
2187 1753 2458 1806 naturam

754 1846 1019 1905 animalis
1046 1848 1187 1905 dum
1214 1848 1321 1904 ista
1347 1847 1532 1907 hahet.
1555 1848 1679 1904 Non
1703 1848 1898 1918 itaque
1921 1861 2104 1918 genus
2126 1838 2458 1904 d'aemonum

756 1944 949 2001 existit
986 1944 1223 2015 malum,
1267 1953 1552 2016 quatenus
1593 1952 1816 2003 naturae
1857 1960 1976 2003 suae
2005 1947 2326 2017 respondet,
2352 1945 2458 2002 sed

760 2039 1045 2130 quatenus
1084 2050 1380 2114 repugnat.
1423 2044 1620 2115 Neque
1659 2050 1842 2103 totum
1869 2045 2113 2113 honum,
2143 2044 2299 2115 quod
2339 2042 2459 2100 illis

762 2155 1094 2199 concessum
1136 2148 1251 2211 cst,
1294 2142 1522 2212 penitus
1565 2158 1830 2201 eversum
1871 2150 1974 2213 est,
2013 2144 2114 2200 sed
2155 2144 2380 2215 ipsimet
2423 2158 2458 2200 a

462 2236 723 2303 Det-modes
760 2244 877 2295 toto
917 2240 1083 2310 bono,
1114 2242 1269 2310 quod
1299 2242 1368 2299 iis
1397 2242 1668 2299 traditum
1695 2249 1845 2313 erat,
1873 2244 2228 2301 exciderunt.
2243 2243 2459 2314 ‚Neque

539 2340 648 2409 ΨΜ,
760 2337 1020 2409 dicimus,
1062 2340 1369 2413 Angeiicas-
1408 2342 1584 2412 detes,
1629 2326 1772 2412 quas
1812 2349 2173 2413 acceperant,
2223 2342 2456 2412 penitus

451 2399 728 2513 Ρεζξᾷῗῖη
758 2451 1015 2507 unquam
1050 2436 1231 2498 fuisse
1280 2440 1636 2510 immutatas,
1687 2441 1786 2497 sed
1837 2442 2150 2497 etiamnum
2201 2441 2461 2512 integras

449 2540 719 2586 naturales.
754 2550 875 2593 esse
918 2536 1202 2609 planeque
1242 2526 1596 2609 conspicuaS,
1625 2539 1890 2607 quamvis
1929 2554 2025 2595 eas
2065 2539 2172 2609 ipsi
2211 2538 2456 2597 minime

752 2640 1018 2704 cernant,
1070 2637 1228 2705 quod
1284 2636 1508 2693 videndi
1564 2637 1712 2693 vires
1766 2637 2182 2709 obstruxerint,
2235 2638 2452 2708 quihus

749 2731 901 2789 bona
936 2747 1047 2789 sua
1084 2741 1312 2805 possent
1362 2735 1590 2792 intueri.
1641 2735 1831 2802 Quare
1877 2738 2034 2807 quod
2083 2738 2218 2808 sint,
2263 2744 2318 2795 et
2373 2754 2450 2795 ex

749 2826 899 2885 bono
952 2837 1117 2900 sunt,
1174 2838 1228 2887 et
1282 2832 1446 2901 boni,
1505 2838 1557 2889 et
1612 2832 1916 2902 pulchrum
1973 2835 2307 2907 bonumque
2345 2851 2454 2913 ap-

747 2933 975 2999 petunt,
1018 2929 1158 2985 dum
1200 2935 1255 2985 et
1295 2944 1434 2999 esse,
1479 2937 1532 2987 ct
1572 2931 1788 3003 vivere,
1838 2940 1892 2991 et
1941 2914 2256 3005 intelligere
2313 2949 2456 3005 quae

748 3033 883 3082 sunt
937 3027 1293 3085 desiderant:
1356 3036 1530 3100 atque
1584 3032 1864 3090 honorum
1927 3033 2062 3103 ipsis
2122 3048 2453 3105 congruen-

691 3204 697 3212 .
749 3124 891 3179 tium
936 3124 1267 3196 privatione,
1310 3134 1364 3184 et
1405 3128 1800 3201 declinatione,
1855 3138 2028 3201 atque
2082 3132 2448 3203 prolapsione

748 3224 883 3281 mali
925 3224 1323 3301 nominantur,
1367 3238 1618 3301 suntque
1651 3232 1787 3289 mali
1827 3234 2146 3293 secundum
2189 3233 2246 3289 id
2289 3234 2448 3303 quod

748 3337 862 3379 non
904 3331 1064 3394 sunt,
1108 3326 1362 3401 dumque
1405 3330 1460 3387 id
1501 3331 1656 3401 quod
1697 3344 1812 3389 non
1853 3338 1938 3391 est
1977 3338 2278 3404 appetunt,
2323 3348 2446 3391 ma-

748 3431 871 3489 tum
899 3436 1187 3502 appetunt.
