2667 4259
487 1704 620 1749 Rom.
656 1701 744 1747 ss.

586 1772 669 1817 36.

539 1842 720 1886 Omnia

490 1912 757 1969 pulchrum

486 1988 534 2024 et
570 1982 754 2025 bonum
778 1973 788 1977 ⁷

496 2056 748 2108 appetunt.

802 325 915 381 180
1276 339 1320 379 5.
1366 338 1610 381 υιοκγειι
1653 338 2026 383 AREOPAGrrAE

797 440 1101 511 copulatio,
1144 448 1199 497 et
1240 440 1600 511 simpliciter,
1644 456 1814 499 omne
1856 443 2012 512 quod
2053 456 2126 499 ex
2167 442 2416 513 pulchro
2457 452 2511 501 et

798 539 949 595 hono
991 538 1199 609 existit,
1244 545 1299 594 et
1341 539 1400 595 in
1442 536 1688 608 pulchro
1727 545 1784 595 et
1827 540 1980 597 bono
2021 546 2126 608 est,
2167 546 2223 595 et
2263 542 2338 597 ad
2381 540 2511 611 pul-

798 634 1003 691 chrum
1046 641 1102 691 et
1142 636 1360 691 bonum
1401 634 1788 705 convertitur3
1841 641 1898 691 et
1946 650 2333 705 quaeeumque
2373 642 2511 693 sum

798 738 853 787 et
894 732 1061 801 fiunt,
1102 742 1334 803 propter
1375 731 1683 802 pulchrum
1725 738 1780 787 et
1821 733 2039 789 bonum
2081 739 2302 797 suntet
2341 734 2512 803 fiunt,

798 834 853 883 et
894 835 1103 885 cuncta
1142 828 1203 885 in
1245 830 1436 899 ipsum
1478 812 1808 899 intuentur,
1841 835 1896 884 et
1924 829 2004 884 ab
2039 829 2161 898 ipso
2203 836 2508 885 moventur

798 931 851 981 et
894 932 1328 995 conservantur,
1368 932 1426 981 et
1465 926 1646 995 ipsius
1687 926 1885 995 gratia,
1931 932 1986 982 et
2025 934 2258 995 propter
2299 926 2507 997 ipsum,

797 1027 853 1077 et
892 1021 955 1076 in
996 1021 1137 1091 ipso·
1162 1036 1333 1077 omne
1373 1021 1723 1091 principium
1763 1022 2108 1092 exemplare,
2153 1021 2343 1093 finale,
2389 1024 2506 1081 effi-

796 1117 973 1188 eienS,
1016 1117 1283 1188 formale,
1326 1118 1654 1188 materiale,
1697 1125 1754 1175 et
1793 1119 2043 1189 denique
2085 1133 2256 1178 omne
2296 1120 2507 1190 princi·

794 1216 991 1285 pium,
1034 1214 1221 1271 omnis
1264 1216 1638 1285 conservatio,
1681 1198 1868 1272 'omnis
1910 1214 2070 1272 finis:
2127 1221 2200 1285 et,
2243 1221 2310 1271 ut
2351 1230 2506 1271 sum-

796 1311 997 1367 matim
1040 1310 1245 1381 dicam,
1290 1311 1485 1367 onmia
1513 1325 1648 1381 quae
1688 1318 1841 1382 sunt,
1887 1327 1961 1369 ex
2001 1311 2252 1383 pulchro,
2275 1318 2330 1367 et
2358 1312 2508 1368 bono

798 1408 1069 1477 existunt,
1114 1415 1170 1464 et
1210 1409 1406 1465 omnia
1445 1423 1578 1479 quae
1619 1423 1738 1465 non
1779 1415 1934 1479 sunt,
1963 1409 2026 1465 in
2052 1408 2296 1478 pulchro
2325 1415 2384 1464 et
2411 1410 2504 1465 bo·

796 1519 873 1560 no
915 1512 1051 1561 sunt
1092 1506 1739 1576 suprasubstantialiter,
1769 1512 1824 1561 et
1865 1512 1952 1561 est
1993 1506 2252 1561 omnium
2298 1506 2504 1576 prinoi-

794 1601 957 1671 pium
1010 1616 1364 1673 supraquam
1427 1601 1806 1673 principiale,
1853 1608 1908 1659 et
1962 1599 2095 1659 finis
2150 1616 2504 1673 supraquam

795 1702 1079 1771 perfectus
1089 1718 1111 1772 3·
1141 1690 1413 1766 Quo-niam
1439 1718 1520 1757 eoe·
1536 1702 1676 1773 ipso,
1707 1706 1760 1757 et
1779 1716 1880 1773 per
1905 1702 2106 1771 ipsum,
2131 1707 2188 1757 et
2213 1702 2290 1757 ad
2317 1702 2506 1771 ipsum

797 1801 1011 1867 omnia,
1042 1800 1191 1857 sieut
1216 1800 1297 1855 ait
1324 1799 1646 1870 Scriptura„
1669 1799 1961 1855 Universis
1989 1798 2167 1869 igitur
2192 1796 2505 1868 pulchrum

798 1902 852 1953 et
879 1898 1099 1955 bonum
1126 1896 1504 1958 desiderabile
1531 1903 1587 1952 et
1613 1896 1860 1954 amabile
1899 1902 2004 1966 est,
2033 1903 2088 1952 et
2115 1897 2189 1952 ab
2217 1896 2506 1953 universis

796 1993 1086 2064 diligi-tur,
1130 1999 1185 2049 et
1225 1998 1456 2062 propter
1497 1992 1709 2064 ipsum,
1751 2000 1806 2050 et
1849 1993 2030 2068 ipsios
2059 1999 2338 2063 eausa,et
2368 1994 2506 2050 infe-

792 2090 949 2169 riora
988 2096 1184 2145 amant
1212 2089 1526 2160 superiora,
1557 2091 1944 2147 convertendo
1973 2105 2034 2147 se
2059 2090 2133 2146 ad
2161 2104 2258 2159 ea;
2291 2096 2347 2147 et
2375 2104 2506 2161 quae

796 2191 931 2241 sunt
972 2185 1232 2255 ‚eiusdem
1261 2185 1480 2242 ordinis
1509 2192 1704 2243 amant
1733 2187 1959 2257 similia,
1991 2188 2508 2257 eommunieando-;

796 2288 851 2338 et
890 2283 1108 2354 maj0ra
1148 2283 1392 2354 minmta,
1434 2285 1792 2354 providendo.
1815 2285 1933 2356 eis,
1957 2292 2014 2341 et
2041 2286 2274 2356 singula
2301 2286 2507 2357 seipsa,

794 2382 1185 2440 conservando
1213 2396 1273 2437 se
1286 2399 1305 2453 3
1334 2388 1392 2439 et
1421 2383 1638 2453 omnia,
1659 2377 1968 2452 pulchrum
1997 2389 2052 2439 et
2079 2384 2300 2440 bonum
2335 2399 2506 2455 expe·

794 2478 981 2549 tendo,
1007 2480 1223 2539 faciunt
1245 2485 1299 2535 et
1322 2479 1544 2550 volunt,
1563 2494 1946 2551 quaecum-que
1968 2480 2182 2537 faciunt
2193 2487 2260 2537 et
2285 2481 2514 2539 volunt.-

796 2574 950 2639 Quin
993 2581 1047 2631 et
1087 2575 1195 2632 hoc
1224 2590 1357 2631 vere
1383 2576 1664 2631 audemus
1699 2577 1907 2645 dicere,
1935 2577 2090 2655 quod
2127 2577 2247 2647 ipse
2289 2579 2398 2648 qui
2423 2586 2504 2635 est

794 2672 1053 2727 omnium
1096 2685 1287 2739 eausa,
1315 2678 1549 2741 propter
1573 2663 1974 2751 excellentiam
2009 2674 2280 2730 bonitatis
2309 2670 2505 2732 omnia

792 2774 963 2837 amat,
986 2767 1180 2823 omnia
1209 2766 1358 2837 facit,
1379 2766 1574 2837 omnia
1601 2767 1836 2838 perficit,
1861 2768 2057 2825 omnia⁴
2081 2770 2356 2841 eontinet,
2381 2786 2499 2827 om-

792 2864 891 2920 nia
931 2864 1209 2921 convertit
1236 2863 1308 2919 ad
1336 2878 1398 2918 se
1410 2879 1428 2932 3
1459 2868 1513 2917 et
1542 2870 1626 2919 est
1653 2864 1886 2922 divinus
1926 2880 2090 2921 amor
2131 2867 2340 2923 honus·
2363 2868 2501 2925 boni

792 2966 1023 3029 propter
1072 2962 1307 3019 honum.
1339 2960 1465 3029 Ipse
1493 2960 1650 3017 enim
1691 2976 1854 3019 amor
1894 2962 2154 3030 divinuS,
2192 2964 2297 3033 qui
2337 2966 2497 3021 boni-

792 3062 965 3112 tatem
1010 3056 1070 3115 in
1110 3058 1179 3112 iis
1222 3071 1355 3126 quae
1383 3064 1520 3113 sunt
1547 3066 1832 3129 operatur,
1861 3060 2000 3129 quia
2029 3060 2190 3129 prius
2219 3062 2421 3117 extitit
2441 3061 2500 3117 in

793 3154 943 3209 hono
970 3154 1275 3224 superlate,
1306 3157 1424 3211 non
1451 3156 1582 3211 sivit
1609 3156 1798 3227 ipsum
1829 3156 1890 3213 in
1909 3171 1971 3213 se
1992 3156 2116 3213 sine
2137 3157 2279 3214 foetu
2302 3172 2498 3215 mane·

792 3266 883 3321 re,
928 3254 1027 3308 sed
1068 3252 1259 3323 potius
1300 3253 1477 3311 movit
1517 3270 1649 3311 eum
1679 3257 1752 3313 ad
1781 3255 2132 3325 operandum
2173 3258 2498 3333 seeundum

793 3349 1187 3409 excellentiam
1215 3352 1444 3410 virtutis
1471 3368 1592 3411 suae
1621 3344 1884 3411 omnium
1909 3367 2105 3411 rerum
2133 3344 2461 3411 effectriois.
