2667 4259
780 326 901 385 218
1260 340 1306 382 S.
1351 334 1600 381 monrsn
1643 334 2020 381 AREOPAGITAE
2080 304 2088 320 '

778 456 1007 500 morum
1038 456 1100 499 se
1126 424 1592 513 particip'antinm
1621 453 1828 497 causas
1855 439 1942 497 sol
1972 437 2184 499 unicus
2211 438 2276 497 in
2303 438 2500 519 seipso
2524 444 2540 465 ’·

777 538 1140 597 uniformiter
1180 537 1542 607 anticipavit:
1588 528 1792 607 potiori
1835 536 2038 607 utiquc
2093 536 2315 596 ratione
2355 553 2497 595 con-

778 636 1099 694 cedendum
1142 641 1245 705 est,
1288 635 1352 691 in
1393 634 1692 705 ipsiusmet
1731 632 1870 691 solis
1897 648 1966 691 ac
1993 648 2188 693 rerum
2231 636 2498 692 omnium

778 748 969 805 causa,
990 734 1323 792 secundum·
1341 734 1572 792 unicam
1594 746 1772 802 supra
1794 732 2155 791 essentialem
2179 735 2500 804 copulatio-

776 846 931 903 nem,
974 846 1169 891 rerum
1200 818 1461 889 omnium
1491 830 1844 901 exemplaria
1883 831 2280 903 praeextitisse,
2307 838 2499 903 quau·

777 928 1091 1000 doquidem
1118 928 1240 987 haec
1268 929 1539 999 ipsasmet
1567 928 1842 985 essentias
1870 929 2150 998 producat
2169 930 2502 987 secundum

398 1058 407 1065 ·
471 1050 738 1110 Exempla·
778 1041 1079 1085 excessum
1130 1026 1408 1083 essentiae.
1463 1025 1829 1097 Exemplaria
1887 1039 2020 1082 vero
2071 1026 2318 1084 dicimus
2368 1042 2502 1085 esse

493 1123 572 1167 ria
594 1122 729 1203 ‘quid
778 1125 1027 1183 rationes
1068 1125 1133 1183 in
1168 1125 1290 1181 Deo
1330 1122 1766 1181 substantificas
1801 1136 1999 1181 rerum
2051 1129 2106 1181 et
2147 1124 2308 1181 unite
2347 1139 2501 1196 prae-
2537 1142 2546 1148 ·

556 1198 675 1238 Μ’·
780 1224 1087 1282 existentes
1102 1266 1119 1293 ,
1166 1236 1319 1293 quas
1361 1220 1594 1279 divinus
1641 1235 1834 1279 sermo
1878 1228 2044 1279 vocat
2088 1222 2498 1293 praedefinitio-

758 1336 883 1391 ·nes
898 1366 915 1389 ‚
956 1328 1013 1381 et
1052 1319 1274 1385 divinas
1314 1327 1490 1391 atque
1530 1321 1710 1377 bonas
1749 1319 2104 1392 voluntateS,
2157 1336 2352 1391 rerum
2373 1322 2498 1379 ·de-

778 1422 1052 1480 finitrices
1112 1428 1169 1509 et
1211 1418 1583 1493 ‘effectrices3
1649 1419 1970 1477 secundum
2035 1433 2180 1491 quas
2245 1420 2348 1491 qui
2407 1426 2500 1477 est

740 1534 745 1539 ·
776 1534 955 1592 supra
1006 1520 1414 1590 substantiam,
1457 1518 1655 1577 omnia
1705 1532 1842 1591 quae
1891 1524 2028 1576 sunt
2081 1518 2496 1591 praedefinivit,

778 1625 835 1677 et
874 1618 1169 1691 produxit.

539 1727 585 1783 ς.
627 1726 676 1772 9.
860 1717 921 1774 Si
958 1724 1153 1775 autem
1204 1715 1331 1773 vuit
1383 1714 1647 1789 Clemens
1700 1713 2110 1785 Philosophus»,
2152 1714 2225 1771 ad
2266 1712 2495 1785 aliquid

778 1814 889 1873 dici
930 1814 1281 1886 exemplaria
1334 1828 1468 1884 quae
1519 1819 1660 1869 sunt
1710 1812 1770 1869 in
1823 1812 1998 1869 rebus
2051 1811 2493 1883 principaliora,

777 1914 1142 1987 progreditur
1182 1913 1442 1984 quidem,
1479 1925 1614 1968 cum
1643 1910 1726 1969 sic
1753 1911 2034 1983 loquitur,
2073 1924 2192 1968 non
2231 1924 2332 1981 per
2361 1925 2496 1983 pro·

777 2012 903 2083 pria
943 2016 999 2068 et
1036 2010 1287 2081 perfecta
1326 2016 1384 2065 et
1424 2009 1706 2079 simplicia
1745 2009 2010 2066 nomina:
2055 2008 2154 2067 sed
2196 2008 2245 2065 si
2287 2022 2495 2067 concc-

470 2123 622 2170 Exod.
662 2123 747 2169 25.
778 2110 983 2166 damus
1024 2108 1197 2165 etiam
1223 2107 1340 2165 hoc
1361 2113 1512 2165 recte
1539 2107 1670 2179 dici,
1715 2114 1937 2179 oportet
1977 2107 2308 2171 meminisse
2339 2106 2496 2165 Scri·

775 2212 962 2279 pturae
1004 2221 1137 2277 quae
1176 2206 1275 2263 ait:
1316 2205 1447 2263 Non
1489 2205 1712 2263 ostendi
1765 2204 1868 2262 ilia
1919 2206 2057 2276 tihi,
2109 2212 2174 2262 ut
2223 2220 2319 2262 eas
2362 2211 2492 2277 post

708 2380 721 2391 φ
776 2306 903 2377 illa3
946 2306 1046 2364 sed
1088 2311 1153 2362 ut
1192 2320 1295 2377 per
1332 2296 1762 2377 proportionem
1789 2304 2132 2376 cognitionis
2173 2305 2386 2361 horum
2413 2304 2490 2361 ad

774 2404 1228 2477 cognoscendam
1282 2404 1542 2461 omnium
1579 2413 1858 2473 causam,
1912 2404 2102 2473 quoad
2143 2416 2488 2473 possumuS,

526 2510 687 2555 Deum
716 2548 733 2563 .
774 2496 1149 2561 adducamur.
1194 2502 1582 2570 Quamobrem
1625 2500 1895 2557 universa
1935 2500 2044 2571 ipsi
2085 2501 2239 2558 entia
2280 2516 2488 2557 secun-

486 2581 728 2709 ἶζΐῑὲἱῗ
774 2603 913 2661 dum
955 2616 1134 2660 unam
1176 2602 1464 2659 omnibus.
1489 2599 1836 2657 eminentem
1877 2598 2299 2669 copulationem
2347 2605 2490 2657 sunt

504 2720 713 2780 sectione
774 2699 1169 2770 attribuenda3
1212 2696 1683 2769 quandoquidem
1726 2696 1866 2753 dum
1909 2697 2002 2772 ab·
2023 2696 2264 2767 ipsamet
2291 2711 2488 2754 essen-

522 2799 721 2875 cuncta·
776 2798 854 2855 tia
906 2797 1317 2856 substantificae
1369 2794 1822 2866 promanationis
1875 2809 1944 2851 ac
1995 2794 2264 2852 honitatis
2314 2809 2490 2853 exor-

485 2862 735 2921 ⁶⁰'²¹⁷²⁶⁰⁸¹‘
774 2896 959 2966 dieue,
998 2884 1101 2967 per
1142 2892 1335 2951 omnia
1375 2891 1653 2962 dimanat,
1691 2898 1747 2949 et
1789 2893 2059 2950 universa
2111 2906 2216 2963 per
2253 2894 2484 2951 semeti-

675 3002 681 3009 ·
772 3008 933 3066 psam
980 2993 1195 3065 implet,
1224 2998 1279 3049 et
1306 2992 1369 3047 in
1396 2991 1576 3048 rebus
1612 2992 1882 3050 omnibus
1923 2972 2264 3063 delectatur,
2287 2992 2486 3050 omnia

774 3092 1009 3163 quidem
1050 3091 1111 3148 in
1139 3106 1201 3147 se
1220 3089 1520 3160 ‘praehahet
1558 3088 1896 3148 excellentia
1920 3074 2319 3163 simplicitatis,
2349 3106 2484 3161 quae

775 3205 1004 3248 omnem
1046 3189 1260 3261 ret-'ugit
1300 3188 1692 3260 duplicitatem
1701 3206 1719 3261 3
1777 3194 1986 3246 cuncta
2009 3197 2018 3207 “
2038 3204 2174 3246 vero
2215 3188 2485 3247 similiter

774 3289 1027 3348 continet
1066 3288 1386 3347 secundum
1425 3290 1736 3361 piusquam
1778 3286 2093 3361 simplicem
2136 3288 2484 3347 infinitatem

774 3386 958 3458 suam,
1000 3392 1057 3445 et
1096 3386 1169 3445 ab
1210 3386 1480 3445 omnibus
1521 3384 1890 3459 singulariter
1908 3385 2308 3459 participatur,
2337 3398 2483 3457 que-
