2667 4259
525 534 662 581 Joan.
685 532 769 579 20.

604 604 688 649 21.

524 926 655 973 matt.
681 926 769 972 16.

604 997 693 1043 19.

529 2413 645 2460 Luc.
680 2412 767 2461 40.

608 2487 696 2533 ²16.

606 3212 707 3259 Cur

818 298 932 359 140
1290 316 1335 359 5.
1381 316 1623 359 moursu
1665 302 2040 361 aanomcstffi

814 420 1143 493 principali,
1176 434 1232 477 „a
1285 434 1402 491 quo
1453 422 1528 479 ad
1579 420 2073 493 interpretandum
2121 426 2430 478 moventur
2481 434 2518 479 3

815 520 949 590 Dee,
992 534 1095 592 pro
1136 520 1354 577 meritis
1390 520 1674 592 judicatos
1711 524 2030 577 secernant.
2060 518 2324 591 Accipite,
2355 520 2516 576 enim

814 618 1019 689 inquit,
1062 619 1331 691 Spiritum
1369 622 1620 678 sanctam
1633 635 1652 674 .·
1689 634 1924 691 quorum
1965 618 2287 675 remiseritis
2319 634 2516 691 pecca-

814 702 906 787 ια’,
949 719 1307 775 remittuntur
1345 719 1460 795 eiu
1513 722 1566 774 et
1613 732 1849 789 quorum
1886 716 2260 785 retinueritis,
2303 721 2520 773 retenta

812 821 957 873 sunt.
1004 817 1157 884 Quin
1198 824 1253 873 et
1292 818 1346 873 ei
1359 849 1388 887 ,ι
1417 816 1522 888 qui
1563 816 1786 875 divinas
1825 808 2200 873 revelationes
2239 830 2275 872 3
2313 830 2518 886 supre-

813 929 909 973 mo
963 917 1131 973 Patre
1182 917 1486 989 didicerat,
1543 914 1780 975 dicitur:
1829 917 2214 989 Quodcumque
2255 914 2518 987 liqaveris

813 1028 980 1085 samer
1020 1018 1251 1085 terram,
1296 1017 1404 1072 erit
1443 1016 1676 1088 ligatum
1715 1020 1768 1073 et
1804 1015 1864 1071 in
1903 1015 2088 1085 coeli33
2129 1019 2180 1071 ct
2221 1015 2514 1087 quodcum-

814 1124 920 1185 que
958 1113 1189 1171 solveris
1226 1129 1397 1187 cuper
1437 1118 1664 1181 terram,
1713 1116 1820 1172 crit
1856 1115 2096 1173 solutum
2135 1113 2196 1169 in
2235 1114 2408 1182 coelis,
2439 1114 2520 1169 ita

814 1217 883 1268 ut
922 1211 1049 1282 ille,
1092 1213 1398 1285 omnisque
1443 1213 1709 1271 Pontifex
1749 1213 1835 1270 illi
1871 1212 2108 1283 511111115,
2146 1212 2318 1285 Juxta
2359 1226 2518 1269 reve-

818 1312 1061 1371 lationes
1112 1319 1483 1385 paternarum
1539 1312 2014 1384 iustificationum
2068 1312 2176 1369 sibi
2229 1312 2517 1382 indultae,

817 1412 985 1483 quasi
1026 1412 1306 1483 interpres
1346 1426 1418 1469 ao
1451 1412 1694 1483 portitor
1732 1412 1852 1477 Deo
1891 1411 2094 1468 charos
2136 1410 2422 1481 admittat,
2463 1416 2519 1467 et

815 1511 1021 1583 impios
1074 1510 1358 1569 excludat.
1413 1511 1612 1583 Neque
1671 1510 1823 1569 enim
1885 1516 2142 1567 sanctam
2198 1508 2360 1567 illam
2413 1509 2516 1566 Dei

814 1611 1226 1683 professionem
1239 1656 1258 1683 ,
1300 1618 1367 1669 ut
1405 1611 1651 1682 Eloquia
1689 1616 2002 1681 testantur,
2049 1615 2212 1687 motu
2252 1610 2514 1681 proprio,

816 1724 1058 1767 carneve
1077 1755 1079 1763 ,
1098 1716 1199 1767 aut
1239 1711 1520 1785 sanguine
1559 1709 1976 1779 revelantibuS,
2027 1708 2127 1766 sed
2167 1722 2204 1765 a
2240 1708 2362 1764 Deo
2405 1708 2516 1779 spi·

814 1808 1056 1865 ritaliter
1116 1808 1285 1867 ilium
1333 1808 1642 1881 *imbuente
1705 1808 2042 1879 perdoctus,
2104 1805 2514 1877 pronuntiavit.

812 1908 1007 1975 ,Quare
1066 1909 1277 1966 sanctis
1336 1907 1705 1965 Antistitibus
1765 1913 1882 1963 tam
1941 1904 2278 1979 segregandi
2341 1916 2514 1977 quam

814 2004 945 2062 aliis
999 2006 1176 2062 sacris
1230 2004 1598 2063 facultatibus
1653 1986 1931 2062 utendum
1946 2048 1964 2077 ‚
2015 2010 2186 2077 prout
2238 2004 2380 2075 ipsis
2435 2004 2516 2059 di-

815 2104 1085 2161 vinorum
1158 2109 1360 2161 auctor
1431 2102 1834 2174 mysteriorum
1915 2102 2194 2161 divinitus
2274 2102 2516 2174 inspira-

815 2202 909 2259 rit.
962 2200 1265 2259 Pontifices
1326 2208 1520 2259 autem
1581 2202 1660 2263 ita
1717 2200 1919 2260 ceteris
1983 2208 2120 2259 sunt
2179 2200 2518 2259 observandi

818 2302 879 2359 in
939 2302 1009 2360 iis
1070 2316 1203 2374 quae
1263 2309 1340 2359 ut.
1389 2302 1692 2361 Pontifices
1753 2307 1991 2375 gerunt,
2041 2302 2351 2377 ‘tamquam
2413 2301 2519 2372 ipsi

819 2415 855 2457 a
894 2403 1011 2467 Deo
1052 2409 1407 2462 moveantur.
1467 2403 1576 2471 Qui
1627 2403 1812 2476 enim,
1867 2402 2086 2473 inquit,
2128 2416 2224 2458 vos
2272 2402 2515 2473 spernit,

816 2516 907 2557 me
944 2501 1167 2572 spernit.
2311 2569 2318 2587 x

902 2598 1011 2657 Sed
1045 2599 1167 2671 jam
1208 2600 1282 2655 ad
1320 2614 1407 2671 ea,
1449 2614 1580 2670 quae
1633 2598 1840 2661 dictam
1889 2598 2280 2670 precationem
2319 2597 2522 2656 subse-

822 2705 1101 2772 quuntur,
1143 2698 1462 2755 veniamus,
1514 2697 1622 2755 Ubi
1661 2698 1928 2756 Pontifex
1967 2714 2093 2755 eam
2136 2698 2337 2777 finivit,
2381 2698 2524 2770 ipse·

820 2806 938 2857 met
977 2799 1317 2857 defunctum
1343 2797 1572 2867 salutat,
1598 2810 1666 2853 ac
1685 2798 1893 2855 deinde
1919 2807 2118 2855 omnes
2147 2798 2248 2869 qui
2272 2798 2518 2858 adsunt:

802 2898 1089 2963 ,omnibus
1116 2898 1272 2955 enim
1297 2895 1437 2961 vjris
1457 2894 1836 2953 deiformibus
1865 2896 2175 2953 admodum
2195 2903 2396 2969 gratus
2415 2904 2519 2969 est,

818 3002 875 3053 et
914 2997 1131 3053 honore
1170 2995 1399 3067 dignus,
1443 2994 1710 3065 quisquis
1737 2978 2207 3055 divinamvitam'
2222 2998 2518 3069 transegit.

820 3098 955 3153 Post
996 3095 1397 3153 salutationem
1438 3106 1572 3152 vero
1611 3094 1877 3166 Pontifex
1903 3094 2176 3152 defuncto
2203 3094 2396 3153 oleum
2437 3096 2520 3152 af-

818 3196 1025 3253 fundit.
1066 3194 1392 3253 Memineris
1431 3192 1542 3265 hie,
1572 3200 1638 3253 ut
1663 3194 1724 3251 in
1751 3193 1936 3266 prima
1961 3192 2062 3250 illa
2087 3195 2521 3269 regeneratione

522 3284 785 3342 d⁶fi²⁷w⁸²⁴⁸
822 3308 983 3353 saera
1010 3300 1142 3351 ante
1168 3299 1434 3351 sanctum
1463 3292 1841 3365 Baptismum‚
1867 3298 2008 3363 post
2021 3294 2395 3365 antiquarum
2421 3308 2520 3351 ve-

582 3356 726 3401 imm-

578 3434 741 3482 fiatur.

826 3394 1001 3453 stium
1028 3392 1466 3468 depositionem·
1481 3388 1577 3451 ille
1603 3381 2010 3468 quiinitiatur,
2037 3392 2100 3455 in
2124 3394 2310 3469 prima
2335 3394 2520 3453 sancti

2655 0 2660 163 1
