2667 4259
759 299 880 360 ὀἱ
1240 317 1286 360 s.
1329 314 1580 360 monrsn
1619 313 1994 361 ancoram-m

761 417 924 492 bilis,
963 430 1068 490 per
1107 419 1464 478 vacationem
1504 421 1694 478 omnis
1734 419 2107 494 cognitionis,
2148 419 2481 480 secundum

759 514 1060 574 meliorem
1099 522 1322 588 partem
1362 517 1695 589 copulatus,
1746 524 1805 576 et
1852 531 1923 576 eo
1962 519 2087 590 ipso
2127 520 2293 592 quod·
2326 520 2481 578 nihil

759 615 1068 687 cognoscit,
1111 629 1288 688 supra
1327 623 1581 674 mentem
1620 629 1990 688 cognoscens.

1350 796 1725 856 CAPUT
1774 797 1875 854 11.

759 931 1116 1016 Quomodo
1143 939 1451 1021 oporteat
1476 934 1677 1002 etiam
1693 931 1891 1011 uniri,
1913 947 1991 1001 ac
2008 931 2240 1004 laudes
2264 934 2476 1006 refer·

881 1047 956 1098 rc
986 1031 1283 1100 omnium
1308 1030 1588 1110 auctori,
1618 1031 1732 1119 qui
1762 1037 1862 1100 est
1886 1049 2091 1122 supra
2116 1033 2361 1101 omnia.

1267 1209 1615 1270 SYNOPSIS
1656 1211 1960 1270 CAPITIS.

829 1351 975 1412 Optat
1025 1351 1077 1398 tn
1122 1351 1342 1398 divinam
1386 1349 1642 1409 caliyinem
1688 1351 1983 1406 intromitti,
2024 1359 2073 1397 et
2114 1353 2222 1400 eine
2270 1355 2475 1399 notione

751 1440 916 1490 Deum
946 1451 1254 1500 cognoscere,
1291 1424 1425 1500 quod
1443 1439 1504 1497 fit
1518 1441 1839 1499 potissimum
1869 1453 1967 1500 per
1998 1442 2225 1488 omniunt
2258 1443 2471 1490 ablatio-

748 1545 900 1585 nem,
938 1538 1048 1591 qttoe
1075 1542 1186 1596 pon
1231 1537 1350 1578 eunt
1397 1513 1571 1584 Deus,
1619 1531 1860 1578 imitando
1905 1529 2180 1590 sculptores
2198 1563 2217 1585 ,
2258 1533 2344 1591 qui
2374 1545 2475 1592 per

749 1623 972 1668 materia
1017 1620 1336 1668 ablationem*
1366 1625 1587 1668 statutam
1632 1617 1889 1668 deciviam.-
1936 1627 1985 1666 et
2028 1621 2182 1666 simul
2226 1623 2469 1676 ostendit,

748 1717 810 1756 ut
835 1721 934 1770 per
966 1709 1240 1756 ablationes
1275 1710 1527 1754 contrario
1553 1709 1697 1756 modo
1716 1707 2044 1767 procedatur,
2082 1721 2230 1769 quam
2264 1721 2361 1769 per
2375 1721 2471 1769 po·

748 1801 956 1848 titiones
991 1807 1080 1846 eea
1115 1798 1497 1864 affirmationes,

749 1933 900 2057 Nos
939 1993 1004 2052 in
1053 1992 1164 2050 hac
1225 2004 1579 2064 supr-aquam
1641 1989 1871 2050 lucente
1930 1989 2177 2064 caligine
2237 1996 2463 2054 versari

747 2099 1106 2164 exoptamus,
1135 2098 1192 2148 et
1217 2104 1320 2162 per
1346 2089 1583 2148 visionis
1610 2090 2073 2162 cognitionisque
2098 2092 2465 2165 negationem

746 2191 942 2248 videre
979 2194 1037 2246 et
1075 2201 1421 2261 cognoscere
1446 2187 1506 2246 id
1534 2188 1691 2259 quod
1730 2203 1909 2261 supra
1950 2188 2224 2248 visionem
2268 2193 2463 2264 cogni·

743 2289 1078 2360 tionemque
1117 2285 1341 2360 existit,
1382 2285 1494 2344 hoc
1533 2287 1657 2358 ipso
1699 2288 1855 2359 quod
1896 2302 2015 2346 non
2056 2289 2247 2346 videm
2360 2302 2461 2350 nc·

745 2399 862 2460 que
901 2385 1326 2460 cognoscimus:
1370 2382 1479 2443 hoc
1528 2385 1684 2443 enim
1726 2385 1813 2443 est
1860 2398 1995 2443 vere
2034 2386 2231 2445 videre
2368 2403 2461 2446 co·

744 2481 1036 2560 gnoscere,
1077 2492 1134 2542 et
1174 2497 1351 2556 supra
1390 2483 1753 2542 essentialem
1790 2485 2309 2556 supernaturaliter
2334 2487 2462 2546 lau·-

743 2585 884 2644 dare
921 2597 1025 2655 per
1063 2583 1328 2642 omnium
1371 2592 1566 2641 rerum
1607 2581 1982 2655 ablationem,
2024 2597 2145 2640 non
2182 2581 2352 2642 secus
2392 2599 2463 2643 ac

741 2683 846 2755 qui
873 2688 1121 2740 statuam
1142 2682 1397 2740 nativam
1426 2680 1718 2751 deuolant,
1746 2681 2073 2740 auferentes
2098 2683 2296 2741 omnia
2324 2697 2460 2755 qum
2561 2753 2577 2766 Ο

739 2779 1148 2852 circumposita
1187 2779 1404 2836 claram
1446 2779 1645 2836 rormae
1684 2777 1915 2836 latentis
1952 2779 2237 2837 visionem
2276 2781 2457 2852 impe-

449 2888 700 2942 ouomodo
743 2879 997 2951 diebant,
1040 2875 1330 2934 ablatione
1370 2873 1493 2932 sola
1520 2875 1834 2947 genuinam
1858 2876 1988 2947 ejus
2014 2853 2299 2934 occultam
2328 2878 2456 2949 pnl-

431 2958 708 3074 “⁶'‘¹⁸{⁰²²‘⁸
739 2974 1128 3046 chritudinem
1168 2972 1553 3030 manifestant.
1598 2971 1833 3043 Oportet
1880 2977 2107 3044 autem,
2152 2981 2219 3054 ut
2260 2975 2457 3034 existi·

424 3043 698 3157 pmst‘fm,
739 3085 852 3144 mo,
895 3071 1209 3129 ablationes
1249 3068 1539 3128 contrario
1576 3069 1764 3141 modo,
1808 3081 1984 3141 quam
2024 3071 2339 3141 positiones
2364 3085 2453 3130 ce-

509 3169 630 3215 eele·
721 3165 986 3228 'lebrarez
1030 3165 1316 3240 siquidem
1337 3166 1489 3226 illas
1527 3171 1562 3226 a
1602 3167 1803 3239 primis
1843 3167 2211 3240 incipientes,
2256 3176 2313 3227 et
2351 3183 2455 3242 per

466 3241 667 3356 ‘'222¹‘'
739 3267 928 3326 media
965 3272 1023 3324 et
1063 3271 1320 3324 extrema
1346 3266 1756 3326 descendentes
1780 3267 2138 3339 ponebamus
2147 3285 2166 3338 ;
2195 3267 2291 3325 hic
2316 3281 2453 3326 vcro

467 3381 517 3426 tn
547 3381 666 3428 Deo.
739 3367 812 3426 ab
853 3365 1126 3424 extremis
1165 3363 1239 3424 ad
1279 3365 1467 3439 prima
1507 3365 1905 3438 ascendentes,
1950 3366 2146 3424 omnia
2195 3379 2451 3425 remove·
