2667 4259
493 279 564 322 m:
594 281 806 323 nivinus
832 265 1132 324 nomxmns
1164 297 1237 310 —
1266 281 1447 325 cAru'r
1478 283 1596 325 vm.
1774 271 1887 328 235
1954 329 1968 343 ,

197 389 488 451 quatenus
527 400 562 441 a
602 385 774 465 rebus
816 386 1192 444 deterioribus
1229 393 1437 445 cuncta
1463 388 1767 445 salubriter
1792 391 1887 447 de-

189 483 394 554 fendit,
436 484 593 540 hunc
633 499 756 556 neS,
801 491 1094 556 tamquam
1123 487 1443 558 omnigenae
1466 485 1667 544 salutis
1694 487 1888 544 lauda·

189 587 372 638 torem
389 626 407 652 ,
451 583 814 640 admittemus
865 589 1238 667 petemusque
1257 629 1274 655 ,
1331 591 1395 640 ut
1448 584 1605 642 illam
1646 587 1888 656 primam

187 679 451 736 omnium
493 679 735 737 salutem
779 687 1016 753 statuat,
1061 696 1190 752 quae
1231 683 1427 740 omnia
1464 684 1549 740 sic
1587 684 1889 741 immutata

187 785 242 835 et
276 778 636 836 'inconcussa
673 787 876 852 servat,
919 787 982 837 ut
1025 781 1084 836 in
1125 781 1375 840 deterius
1417 797 1734 853 numquam
1766 797 1887 840 ver·

188 881 360 948 gaut3
405 882 461 932 et
499 863 886 949 inexpugnata
927 878 1250 949 invictaque
1285 879 1409 936 suis
1436 895 1682 950 quaeque
1722 881 1887 944 ratio-

187 975 363 1030 nibus
410 973 682 1032 distincta
735 975 1009 1047 custodit,
1065 991 1294 1034 omnem
1350 961 1793 1048 inaequaiitatem
1835 985 1891 1035 et

188 1073 438 1130 alienam
477 1075 760 1130 actionem
799 1075 872 1133 ab
914 1077 1196 1134 universis
1237 1077 1561 1149 eliminanS,
1587 1085 1759 1149 atque
1791 1094 1887 1136 cu-

183 1173 422 1245 iuslibet
447 1175 840 1245 proportiones
863 1175 940 1231 ita
961 1177 1323 1245 confirmanS,
1355 1183 1418 1233 ut
1446 1177 1507 1233 in
1538 1178 1889 1234 contrarium

189 1287 384 1344 neque
423 1273 635 1330 mutari
675 1275 894 1345 possint
919 1285 1110 1344 neque
1135 1275 1447 1332 transferri.
1478 1275 1633 1342 Quin
1660 1283 1715 1332 et
1742 1276 1890 1332 hanc

189 1371 434 1428 salutem
478 1385 862 1442 nequaquam,
905 1377 1110 1441 praeter
1137 1385 1312 1428 sacrae
1342 1371 1661 1444 Theologiae
1686 1388 1887 1446 propo-

191 1471 365 1542 situm
409 1469 643 1528 laudare
671 1470 800 1542 quis
829 1470 1028 1542 possit,
1059 1477 1353 1540 tamquam
1396 1484 1526 1541 quae
1553 1479 1643 1528 res
1674 1486 1889 1554 omneS,

192 1576 368 1652 prout
409 1569 692 1642 cujusque
719 1569 804 1626 rei
831 1583 962 1640 quae
985 1575 1290 1626 servantur
1330 1575 1537 1627 natura
1579 1571 1703 1640 fert,
1732 1584 1766 1626 a
1792 1571 1889 1628 ho-

190 1683 402 1727 norum
421 1666 658 1728 suorum
679 1668 990 1726 amissione
1016 1668 1239 1726 libe-ret:
1270 1669 1425 1726 unde
1452 1667 1720 1740 'theologi
1748 1682 1888 1740 quo-

193 1783 307 1840 que
327 1768 506 1832 ,illam
548 1774 752 1826 vocant
804 1767 1298 1838 Redemptionem,
1342 1767 1404 1824 in
1444 1773 1726 1838 quantum
1770 1781 1891 1832 non

192 1868 331 1925 sinit
369 1883 436 1926 ea
477 1881 608 1955 qua}
646 1880 778 1926 vere
805 1867 1028 1924 suntin
1053 1865 1302 1926 nihilum
1335 1865 1547 1936 relabi,
1591 1873 1645 1924 et
1672 1866 1721 1924 si
1748 1867 1891 1937 quid

190 1973 489 2038 peccatum
528 1967 638 2038 sit,
679 1981 746 2023 ac
786 1967 1006 2037 praeter·
1033 1965 1306 2023 ordinem·
1333 1972 1617 2037 erratum,
1656 1981 1733 2023 ex
1774 1979 1891 2046 quo

183 2067 475 2125 bonorum
538 2080 775 2123 suorum
829 2065 1076 2136 aliquod·
1119 2065 1526 2122 detrimentum
1580 2076 1746 2135 passa
1787 2067 1889 2138 sit,

190 2166 460 2237 perfectio
503 2165 653 2222 illico
695 2179 928 2236 quoque
961 2160 1245 2236 jacturam
1299 2164 1460 2219 illam
1502 2171 1556 2219 et
1599 2165 1890 2222 imbecilli-

195 2273 366 2324 tatem
411 2265 901 2336 privationemque
955 2263 1216 2331 resarcit,
1250 2262 1322 2319 ·id
1365 2262 1518 2332 quod
1560 2262 1715 2318 deest
1758 2262 1890 2334 sup-

189 2364 387 2434 plens,
442 2377 510 2420 ac
547 2369 780 2433 paterne
831 2361 1222 2418 remissionem
1277 2360 1529 2434 donans,
1572 2364 1627 2414 et
1651 2373 1701 2417 .e
1741 2359 1891 2416 malo

192 2463 437 2534 erigene,
479 2461 594 2518 imo
634 2461 825 2532 potius
852 2460 912 2518 in
939 2457 1430 2529 hono-collocans,
1474 2463 1647 2526 atque
1675 2457 1892 2514 bonum

191 2562 352 2632 quod
391 2561 692 2618 effluxerat
731 2559 1066 2631 adimplens,
1107 2558 1501 2628 ordinansque
1522 2563 1581 2614 et
1606 2571 1891 2614 exornans

193 2661 254 2718 id
296 2661 452 2730 quod
489 2659 879 2718 inordinatum
919 2665 1040 2716 erat
1079 2663 1134 2716 et
1173 2655 1453 2726 difforme,
1483 2654 1561 2712 ita
1584 2662 1665 2710 ·ut
1704 2654 1891 2712 redin-

193 2764 378 2830 tegret
417 2758 650 2816 omnino
692 2763 748 2814 et
785 2757 858 2814 ab
899 2757 1056 2814 omni
1095 2756 1224 2812 labe
1268 2754 1483 2812 liberet.
1515 2754 1633 2810 Hoc
1658 2753 1893 2822 quidem

191 2859 268 2914 de
307 2857 398 2912 his
437 2857 760 2940 dictum-‚ac
800 2857 874 2913 de
909 2855 1136 2912 Justitia
1189 2867 1318 2923 quae
1360 2852 1619 2910 omnium
1661 2850 1892 2920 aequali-

193 2962 372 3012 tatem
413 2955 708 3012 dimetitur
733 2961 787 3011 et
813 2953 1030 3022 definit,
1055 2967 1412 3022 omnemque·
1431 2949 1892 3022 inaequalitatem,

197 3069 332 3126 quae
374 3054 692 3112 secundum
731 3053 1102 3124 privationem
1153 3051 1493 3121 aequalitatis
1532 3047 1893 3120 singulorum

189 3152 478 3222 sumitur,
534 3152 910 3209 exterminat:
965 3149 1409 3218 inaequalitatem
1462 3147 1614 3203 euim
1666 3146 1713 3204 si
1764 3147 1894 3216 quis

185 3251 443 3322 accipiat
483 3257 536 3308 et
574 3252 980 3322 interpretetur
1019 3247 1389 3317 differentiae,
1420 3247 1631 3317 quihus
1656 3260 1894 3304 1650111-
1940 3305 1945 3326 ι

199 3363 306 3406 nes
349 3348 498 3430 inter
549 3363 612 3406 se
657 3347 1118 3422 distinguantur,
1173 3345 1349 3420 hujus
1402 3345 1571 3404 etiam
1612 3350 1801 3404 custos
1841 3350 1895 3402 et

1994 1769 2129 1816 Unde

2014 1841 2103 1886 Re·
2141 1862 2143 1864 v

1945 1911 2172 1970 demptio.
