2667 4259
454 313 527 355 nn
557 309 769 354 omnis
798 307 1104 355 Nommsos
1126 324 1201 339 --
1224 312 1408 357 capu-r
1436 315 1489 355 v.
1701 298 1815 358 21⁷

122 414 477 471 existentiam
492 431 510 485 3
554 421 609 471 et
650 415 770 486 ipse
812 421 896 471 est
936 415 1117 485 ipsiu-s
1157 404 1473 475 existentiae
1513 422 1569 473 et
1609 430 1819 489 aevum,

120 518 173 567 et
214 511 580 585 principium,
622 518 679 570 et
718 524 1011 583 mensura,
1040 526 1175 569 cum
1202 519 1340 569 ante
1377 514 1739 571 existentiam
1769 522 1825 573 et

122 609 263 667 entis
304 617 361 667 et
404 611 527 681 aevi,
572 616 627 667 et
666 610 927 667 omnium
958 610 1421 668 substantificum
1455 612 1822 683 principium,

119 714 173 763 et
210 708 467 765 medium
508 715 565 766 et
604 706 736 767 finis
777 708 1002 767 existat.
1046 706 1239 781 Atque
1279 708 1410 766 ideo
1447 710 1522 767 ab
1563 709 1827 780 Eloqui-is

120 804 218 873 qui
261 819 391 863 vere
432 805 766 877 praeexistit,
804 806 1127 880 secundum
1168 786 1431 863 omnium
1459 819 1662 865 eorum
1689 820 1826 879 quae

118 909 250 959 sunt
306 904 710 975 cogitationem
758 902 1204 975 multiplicatur,
1260 911 1316 961 et
1367 904 1429 961 in
1479 915 1546 962 eo
1597 906 1826 977 proprie

118 999 473 1075 celebratur,
516 1010 667 1075 erat,
724 1009 779 1061 et
834 1008 949 1075 est,
992 1009 1047 1060 et
1087 1003 1221 1074 erit,
1264 1002 1401 1060 item
1452 1004 1667 1061 factum
1707 1010 1825 1076 est,

117 1102 173 1152 et
212 1098 308 1168 iit,
354 1104 409 1155 et
450 1099 576 1159 fiet:
618 1100 744 1157 haec
784 1101 939 1157 enim
980 1100 1177 1157 omnia
1230 1098 1558 1172 significant
1610 1099 1680 1158 iis
1723 1101 1828 1173 qui

117 1200 179 1249 ut
217 1195 406 1253 Deum
446 1198 607 1255 decet
647 1196 997 1269 intelligunt,
1026 1212 1152 1255 esse
1181 1210 1314 1255 eum
1355 1198 1676 1255 secundum
1705 1212 1828 1255 om-

116 1306 248 1349 nem
290 1294 693 1366 cogitationem
734 1295 1310 1365 suprasubstantiam‚
1341 1301 1398 1351 et
1439 1308 1565 1352 esse
1591 1306 1828 1351 causam

114 1399 319 1448 eorum
350 1405 493 1462 ‘quae
530 1390 718 1449 modis
758 1390 1039 1447 omnibus·
1070 1397 1224 1447 sunt.
1276 1388 1506 1471 Etenim
1561 1405 1678 1448 non
1720 1391 1831 1449 hoc

112 1488 355 1558 quidem
398 1494 501 1559 est,
545 1487 691 1545 illud
731 1501 867 1545 vero
910 1502 1027 1543 non
1068 1494 1185 1558 est;
1228 1502 1336 1545 nec
1363 1488 1562 1560 aliquo
1590 1490 1827 1561 quidem

110 1585 289 1641 modo
332 1590 435 1655 est,
478 1584 673 1655 aliquo
702 1598 838 1641 vero
866 1598 984 1641 non
1014 1590 1099 1641 est
1108 1600 1126 1655 3
1155 1585 1255 1641 sed
1282 1585 1474 1655 potius
1503 1586 1697 1643 omnia
1725 1592 1828 1657 est,

107 1686 176 1737 ut
220 1680 489 1738 omnium
530 1688 746 1753 auctor,
790 1688 845 1739 et
886 1682 947 1738 in
974 1698 1036 1739 se
1062 1682 1257 1740 omnia
1298 1683 1598 1754 principia,
1629 1696 1829 1741 omnes

112 1778 383 1835 omnium
410 1793 605 1838 rerum
636 1780 1069 1838 terminationes
1090 1775 1392 1839 continens
1415 1788 1472 1839 et
1489 1783 1829 1853 anticipans:

112 1882 165 1932 et
205 1890 393 1947 supra
418 1877 627 1934 'omnia
666 1882 769 1950 est,
812 1883 1011 1959 utpote
1048 1884 1185 1936 ante
1224 1880 1420 1936 omnia
1462 1892 1831 1951 supraessen-

114 1966 328 2033 tialitcr
368 1978 725 2046 supraquam
766 1977 1035 2033 existens
1096 1976 1484 2044 Quamobrem
1525 1978 1722 2035 omnia
1761 1978 1834 2036 de

112 2074 233 2145 ipso
276 2080 335 2131 et
376 2072 553 2130 simul
594 2073 899 2145 dicuntur,
954 2073 1219 2145 nihilque
1269 2076 1358 2133 est
1410 2076 1704 2133 omnium:
1747 2078 1834 2133 est

116 2174 303 2231 omnis
346 2174 569 2245 figurae,
613 2174 801 2231 omnis
843 2174 1067 2243 formae,
1112 2174 1239 2251 sine
1279 2174 1494 2244 forma,
1535 2176 1664 2232 sine
1702 2175 1832 2245 pul·

116 2272 467 2342 chritudine,
512 2272 792 2343 principia
818 2277 876 2330 et
902 2271 1092 2327 media
1132 2276 1189 2327 et
1228 2271 1376 2325 fines
1416 2284 1617 2327 rerum
1645 2272 1836 2329 solute

116 2377 167 2426 et
206 2372 501 2430 abstracte
544 2371 603 2426 in
646 2370 833 2445 seipso
860 2368 1169 2438 anticipata
1194 2367 1433 2437 babenS,
1475 2373 1532 2423 et
1559 2368 1834 2425 omnibus

113 2483 253 2539 pure
292 2468 571 2538 illucenS,
614 2466 911 2539 largiendo
951 2471 1017 2522 ut
1056 2464 1171 2521 sint
1222 2463 1545 2521 secundum
1596 2456 1834 2522 causam

111 2580 283 2625 unam
326 2574 387 2626 et
432 2578 793 2637 supraquam
820 2562 1163 2635 copulatam.
1208 2561 1269 2618 Si
1296 2561 1450 2619 enim
1491 2561 1580 2621 sol
1607 2561 1704 2619 ille
1733 2576 1836 2618 no·
1886 2572 2096 2618 *acem-

115 2673 225 2723 ster
251 2678 464 2725 rerum
492 2646 795 2722 sensilium
822 2660 1173 2719 substantias
1201 2674 1270 2727 ac
1295 2660 1619 2731 qualitates,
1649 2674 1832 2730 quan·
1894 2643 2054 2759 ²²¹ng
2077 2658 2107 2689 ‘¹

119 2765 327 2822 tumvis
369 2761 581 2824 multae
620 2760 737 2817 sint
775 2774 843 2817 ac
882 2760 1139 2831 diversae,
1182 2756 1356 2815 simul
1399 2757 1528 2829 ille,
1584 2772 1717 2814 cum
1761 2759 1836 2815 sit
2059 2745 2071 2758 ’

120 2862 345 2934 unicus,
390 2868 451 2919 et
492 2856 857 2916 uniformiter
896 2856 1185 2914 diffundat
1226 2856 1427 2913 lumen
1467 2869 1669 2929 suum„
1713 2870 1833 2913 om.-

123 2974 222 3018 nes
264 2938 535 3031 renovat,
576 2964 632 3014 et
670 2955 872 3026 nutrit,
916 2962 971 3013 et
1012 2961 1218 3027 servat,
1258 2960 1317 3011 et
1356 2954 1610 3025 perficit,
1653 2961 1708 3011 et
1749 2956 1832 3013 di.

121 3060 379 3133 stinguit,
426 3064 485 3117 et
528 3058 673 3128 unit,
717 3060 773 3112 et
812 3052 1043 3125 refovet,
1087 3059 1141 3110 et
1180 3052 1496 3123 faecundat,
1549 3059 1605 3109 et
1644 3044 1866 3125 auget‚'

124 3162 174 3213 et
215 3158 521 3227 immutat,
564 3161 621 3211 et
660 3153 881 3221 firmat,
926 3156 981 3208 et
1020 3151 1313 3223 producit,
1369 3158 1426 3209 et
1473 3150 1738 3222 suscitat,
1779 3158 1838 3209 et

124 3262 345 3328 vegetat
358 3272 378 3326 3
424 3261 483 3313 et
527 3251 823 3324 quodlibet
862 3264 937 3307 ex
978 3248 1077 3320 iis,
1120 3250 1290 3307 modo
1332 3250 1545 3320 cuique
1586 3250 1836 3321 proprio,

125 3354 293 3413 unius
338 3351 723 3425 ejiisdemque
776 3347 911 3405 solis
950 3340 1243 3427 [particeps
1286 3347 1508 3418 existit,
1561 3353 1616 3404 et
1657 3347 1833 3418 pluri„
