2667 4259
793 273 904 330 188
1266 287 1312 329 s.
1357 286 1605 329 monrsn
1649 284 2028 330 Alincum-rm

789 401 943 466 gere*
963 386 1201 444 minime
1240 394 1502 457 possunt.
1535 387 1644 445 Sed
1673 401 1748 445 ne
1787 386 1911 454 luc
1951 387 2141 445 dicere
2179 388 2504 462 videamur,

788 490 854 541 ut
895 484 1091 543 divina
1130 483 1342 554 scripta
1383 484 1784 554 immutemuS‚
1827 484 2066 541 audiant
2107 484 2210 540 illa
2249 486 2356 555 qui
2397 500 2506 543 nos

788 596 925 638 men
962 581 1175 641 amoris
1218 582 1631 639 criminantur:
1661 580 1811 637 Ama
1825 560 2016 651 illam,
2051 581 2258 653 inquit,
2301 589 2360 639 et
2401 598 2508 651 cu:

506 690 647 737 Prov.
688 690 737 737 4.
790 678 997 735 stodiet
1039 684 1123 735 te:
1169 676 1289 749 sepi
1330 678 1522 749 illam,
1566 686 1620 736 et
1662 678 1898 735 extollet
1937 685 2022 735 te:
2075 678 2296 736 honora
2339 694 2471 737 eam
2487 678 2510 750 ,“

790 781 857 833 ut
898 774 1313 846 complectatur
1342 781 1426 832 te:
1457 782 1514 831 et
1540 788 1925 846 quaecumque
1958 774 2072 831 alia
2105 774 2168 831 in
2207 776 2514 832 amatoriis

790 872 863 929 de
902 873 1023 929 Deo
1062 872 1426 929 sermonibus
1467 872 1850 929 celebrantur.

540 978 586 1043 s.
623 978 710 1023 12.
749 980 757 990 ⁸
872 968 1053 1039 Atqui
1077 969 1269 1025 visum
1298 976 1382 1026 est
1411 970 1758 1039 quibusdam
1787 968 1996 1025 nostris
2025 980 2320 1025 sacrarum
2351 967 2514 1026 Scri-

484 1048 767 1162 {052‘22201‘
792 1070 1098 1136 pturarum
1140 1066 1562 1134 tractatorihuS‚
1590 1078 1802 1122 nomen
1829 1064 2042 1121 amoris
2084 1064 2342 1121 divinius
2380 1080 2516 1122 esse

565 1130 683 1231 sinen
796 1174 973 1231 quam
1013 1174 1227 1219 nomen
1268 1160 1608 1218 dilectionis.
1653 1160 1864 1219 Scn'bit
1888 1161 2045 1225 enim
2073 1160 2308 1218 divinus
2336 1161 2514 1233 Igna-

530 1256 721 1300 amoris
794 1258 928 1328 tine,
970 1257 1132 1316 Meus
1170 1269 1335 1317 amor
1375 1258 1691 1315 crucifixus
1735 1264 1837 1315 est.
1877 1258 1950 1315 Et
1992 1257 2052 1314 in
2095 1256 2167 1313 iis
2207 1272 2344 1327 quae
2382 1258 2511 1314 adi-

483 1326 767 1439 „2323
794 1361 917 1411 tum
959 1356 1033 1411 ad
1075 1354 1430 1425 scripturam
1482 1361 1836 1426 praeparant,
1885 1354 2196 1425 quemdam
2245 1354 2514 1411 invenies

393 1484 399 1491 ·
500 1464 739 1509 lectionis.
793 1452 865 1509 de
905 1451 1098 1508 divina
1140 1451 1432 1523 Sapientia
1469 1453 1738 1524 aientem,
1767 1450 2008 1510 Amator·
2031 1451 2208 1521 factus
2235 1466 2363 1509 sum
2390 1452 2512 1521 for-

486 1555 598 1613 ευρ.
638 1556 685 1602 8.
716 1550 764 1601 π’.
792 1564 897 1605 moe
934 1548 1123 1603 illius:
1161 1549 1351 1614 Quare
1391 1562 1468 1605 ne
1506 1553 1738 1618 propter
1764 1547 1876 1607 hoc
1903 1559 2114 1606 nomen
2141 1548 2358 1606 amoris
2387 1562 2514 1605 me-

794 1653 1059 1715 tuamus3
1101 1659 1209 1703 nec
1248 1644 1410 1703 ullus
1457 1646 1529 1703 de
1573 1645 1684 1701 hoe
1729 1644 1964 1703 nomine
2005 1658 2194 1703 sermo
2233 1658 2340 1701 nos
2383 1659 2512 1701 mo-

792 1748 943 1813 veat,
982 1748 1083 1800 aut
1124 1748 1353 1801 terreat.
1383 1742 1520 1801 Mihi
1563 1741 1717 1799 enim
1757 1740 2030 1799 videntur
2071 1740 2342 1811 Theologi
2387 1740 2512 1797 exi-

794 1838 1057 1896 stimasse
1107 1840 1344 1909 quidem
1400 1852 1708 1897 commune
1757 1850 1968 1895 nomen
2021 1851 2146 1894 esso
2194 1836 2409 1896 amoris
2453 1842 2512 1893 et

797 1935 1137 2004 dilectioniS‚
1180 1935 1280 1991 sed
1324 1935 1654 1991 attribuisse
1693 1930 1904 1991 diffinis
1949 1932 2258 2005 scripturis
2299 1947 2513 1991 verum

796 2044 1049 2087 amorem
1092 2036 1321 2100 propter
1359 2030 1694 2100 hujusmodi
1727 2030 2032 2087 hominum
2073 2037 2301 2099 turpem
2343 2044 2514 2087 men-

795 2127 871 2183 tis
910 2126 1393 2195 anticipationem.
1441 2126 1587 2182 Cum
1645 2126 1800 2186 enim
1855 2140 2027 2185 verus
2082 2140 2243 2206 amor
2297 2139 2419 2181 non
2477 2140 2516 2183 a

797 2222 963 2279 nobis
989 2222 1198 2292 solum,
1226 2224 1327 2281 sed
1356 2224 1428 2279 ab
1457 2223 1595 2293 ipsis
1623 2222 1836 2279 sanctis
1867 2220 2194 2293 scripturis,
2224 2228 2290 2277 ut
2315 2218 2516 2279 Deum

798 2319 975 2388 decet,
1017 2317 1315 2389 laudetur3
1339 2319 1572 2391 vulgus
1611 2319 1934 2388 hominum,
1977 2333 2110 2375 cum
2153 2332 2271 2374 non
2313 2332 2514 2387 perce-

797 2416 973 2487 pisset
1025 2416 1185 2473 illam
1238 2417 1689 2475 uniformitatem
1745 2428 1922 2485 quam
1977 2414 2239 2471 divinum
2293 2428 2516 2471 nomen

799 2514 1011 2571 amoris
1054 2514 1369 2585 significat,
1400 2512 1806 2573 convenienter
1847 2512 1954 2569 sibi
1997 2512 2070 2570 ad
2111 2514 2366 2569 amorem
2409 2526 2514 2581 pa-

799 2610 1019 2669 tibilem
1074 2618 1132 2669 et
1184 2625 1525 2683 corporeum
1579 2616 1754 2679 atque
1815 2609 2151 2668 distractum
2205 2608 2514 2678 delapsum

801 2715 904 2777 est,
948 2708 1049 2778 qui
1091 2722 1209 2765 non
1250 2712 1335 2765 est
1376 2722 1550 2765 verus
1589 2719 1768 2776 amor,
1798 2706 2140 2777 sedjmago,
2182 2706 2272 2763 vel
2314 2707 2515 2775 potius

540 2810 727 2874 'Vulyuzs
800 2804 1007 2875 lapsus
1048 2819 1083 2861 a
1132 2818 1269 2863 vero
1318 2817 1541 2863 amore:
1595 2801 1908 2861 multitudo
1950 2802 2106 2859 enim
2155 2816 2274 2861 non
2323 2809 2518 2872 potest

509 2888 764 3013 Ζξῗὲἔῖζζε
804 2903 1148 2973 cogitatione·
1198 2914 1403 2972 capere
1458 2901 1605 2959 illud
1637 2900 1952 2977 ⁴singulare
1993 2899 2173 2957 divini
2223 2906 2278 2955 et
2329 2899 2518 2957 unius

539 3036 723 3071 nomen
804 2999 1015 3055 amoris
1028 3015 1047 3068 3
1090 2999 1466 3068 quamobrem
1507 3004 1804 3068 tamquam
1852 3010 2094 3067 nomen,
2137 2997 2293 3067 quod
2337 2996 2518 3068 vulgo

542 3096 731 3177 ‹zv-noris·
805 3094 1033 3151 videtur
1074 3094 1295 3165 durius,
1341 3095 1575 3165 ponitur
1603 3095 1664 3151 in
1692 3095 1888 3153 divina
1929 3092 2236 3163 Sapientia,
2277 3100 2342 3150 ut
2383 3094 2516 3151 vul-

512 3166 772 3223 ⁸²'²'⁷²“‘²⁸·
808 3187 930 3263 gus'
959 3193 1031 3249 ad
1075 3192 1459 3263 cognitionem
1511 3192 1631 3253 veri
1683 3193 1896 3253 amoris
1937 3191 2192 3249 elevetur
2233 3198 2288 3247 et
2328 3191 2518 3261 eriga-

808 3297 921 3361 tur,
965 3296 1019 3346 et
1060 3291 1132 3347 ab
1174 3304 1256 3362 ea,
1301 3302 1478 3360 quam
1521 3290 1605 3349 illi
1648 3290 1833 3351 inesse
1884 3288 2148 3359 concipit,
2193 3286 2520 3347 indecentia
