2667 4259
546 302 619 343 m:
646 280 1169 345 nccss.n1nnAn.-
1199 294 1382 345 citrur
1401 289 1501 343 m.
1793 286 1916 377 89

164 402 477 491 intuendo,
520 402 729 461 dixerit
769 402 830 461 in
870 402 1059 460 lucem
1098 402 1253 474 ipsos
1294 412 1419 459 esse
1459 398 1673 472 editos,
1717 370 1916 471 quod

165 500 288 559 sint
327 502 401 559 ab
442 499 558 558 alvi
597 500 847 559 tenebris
887 496 1130 571 liberati,
1170 496 1370 571 (dicet
1395 483 1552 556 enim
1571 493 1879 569 Medicina,

167 598 355 671 perita
392 612 699 669 corporum
739 612 966 670 praeses,
1000 596 1191 654 lucem
1218 596 1337 653 vim
1364 608 1532 653 suam
1559 607 1792 668 egerere
1817 595 1881 652 in

168 694 273 753 illa
312 708 445 765 quae
484 692 629 752 lucis
668 702 805 753 sunt
845 693 1151 767 capaciaz)
1192 693 1275 751 sic
1315 704 1613 751 sacrorum
1652 692 1881 764 sapiens

170 790 476 863 disciplina
514 793 766 870 primum
820 792 1057 865 quidem
1108 790 1261 862 ipsos
1314 790 1728 849 introductorio
1769 792 1891 849 ror·-

168 889 369 949 mandi
410 895 466 947 et
504 889 831 948 vivificandi
872 890 989 947 vim
1013 888 1364 947 'habentium
1395 887 1760 960 eloquiorum
1801 888 1882 946 ci-

170 986 251 1046 bo
296 988 473 1060 fovet,
506 987 607 1046 uhi
648 1002 784 1045 vero
824 992 1039 1045 statum
1088 1000 1292 1044 eorum
1332 985 1542 1045 divinae
1581 989 1883 1059 regenerass

174 1086 319 1145 tioni
358 1091 557 1157 aptum
610 1076 949 1158 absolverit,
1004 1092 1129 1143 tum
1178 1086 1416 1143 demum
1466 1084 1537 1145 iis
1575 1084 1888 1145 salubriter

174 1182 379 1241 ordine
416 1180 679 1241 concedit
716 1196 914 1241 rerum
954 1182 1348 1241 luciformium
1383 1188 1442 1241 et
1463 1172 1890 1254 perficientium

174 1282 785 1341 communicationem:
840 1296 1001 1339 nunc
1052 1296 1188 1350 vero
1228 1280 1387 1340 velut
1427 1282 1502 1340 ab
1541 1281 1892 1353 imperfectis

175 1380 425 1451 perfecta
464 1379 740 1450 secernit,
770 1393 905 1437 cum
944 1379 1168 1439 decoris
1200 1392 1518 1451 sacrorum,
1560 1386 1686 1436 tum
1727 1379 1890 1439 Cate-

174 1476 599 1535 chumenorum
658 1476 1013 1534 educationis
1066 1489 1135 1533 ac
1194 1476 1329 1534 vitae
1389 1488 1590 1535 curam
1653 1490 1890 1551 gerenS,

167 1573 344 1645 juxta
383 1572 719 1629 deiformem
760 1570 979 1629 ordinis
1017 1568 1366 1629 Hierarchici
1405 1571 1890 1633 constitutionem.

268 1668 451 1725 Porro
506 1677 1027 1738 energumenorum
1076 1668 1249 1727 turha
1306 1668 1610 1727 immunda
1657 1670 1894 1741 quidem
1989 1679 2037 1741 s.
2078 1678 2127 1731 7.

177 1770 269 1824 est
310 1770 369 1823 et
410 1763 550 1834 ipsa,
592 1768 989 1821 verumtamen
1030 1764 1351 1823 secundum
1405 1765 1597 1824 locum
1638 1768 1892 1839 superio-
1943 1748 2168 1865 ⁸2:223·

176 1876 303 1922 rem
344 1874 381 1918 a
424 1859 977 1919 Catechumenorum
1018 1864 1378 1922 extremitate
1417 1862 1653 1923 obtinet.
1693 1866 1894 1941 Neque
1955 1889 2160 1950 impure·

178 1958 336 2017 enim
376 1955 609 2029 penitus
632 1956 889 2053 profano,
916 1957 1372 2032 divinorumque
1391 1960 1894 2023 sacramentorum

184 2058 425 2127 prorsus
465 2054 651 2111 exorti
691 2044 797 2126 pai·
836 2060 895 2113 et
930 2056 1155 2128 aequale
1207 2057 1476 2116 duxerim
1519 2060 1575 2117 id
1617 2064 1776 2135 quod
1831 2064 1894 2121 in

182 2152 441 2225 aliquam
468 2150 985 2210 sacratissimorum
1014 2154 1520 2213 sacramentorum
1548 2166 1770 2227 partem
1801 2175 1894 2217 ve·

183 2250 289 2320 nit,
329 2247 554 2307 tametsi
592 2248 901 2306 contrariis
926 2250 1244 2307 etiamnum
1270 2250 1556 2307 illecebris
1595 2255 1896 2321 perturba·

183 2346 509 2405 tionibusve
532 2344 861 2417 implicetur
871 2360 892 2414 3
920 2338 1289 2414 'quamquam
1316 2342 1491 2399 etiam
1517 2343 1658 2413 ipsis
1695 2360 1897 2408 rerum

186 2441 705 2501 sacratissimarum
743 2444 1009 2512 aspectus
1034 2437 1485 2510 communioque
1516 2440 1899 2517 subtrahitur,

187 2548 251 2599 et
288 2533 523 2611 quidem
562 2533 695 2611 jure
734 2537 954 2595 merito.
996 2536 1143 2595 Nam
1182 2536 1234 2593 si
1273 2550 1480 2595 verum
1519 2539 1594 2597 sit
1633 2539 1900 2604 divinum

188 2650 430 2710 prorsus
473 2636 663 2695 virum
704 2635 1033 2693 divinorum
1072 2634 1480 2693 communione
1505 2634 1766 2709 dignum,
1795 2654 1902 2709 pro

190 2750 299 2793 suo
342 2732 579 2793 modulo
619 2733 693 2791 ad
733 2732 1129 2805 deiformitatis
1151 2732 1447 2804 fastigium
1473 2734 1902 2803 perfectissimis

189 2826 634 2905 perfectivisque
672 2826 1131 2891 deificationibus
1172 2835 1455 2901 evectum,
1497 2845 1564 2889 ea
1604 2846 1738 2904 quae
1773 2840 1902 2895 ear.

190 2930 285 2987 nis
326 2934 464 2986 sunt
504 2926 743 2984 minime
782 2932 1123 2984 curaturum
1164 2926 1307 2984 citra
1341 2928 1902 2992 naturae-necessita.-

192 3024 330 3097 tem,
372 3024 587 3097 idque,
614 3029 787 3096 prout
810 3036 955 3079 usus
981 3022 1108 3093 fert,
1148 3023 1352 3095 obiter,
1393 3025 1494 3083 sed
1521 3025 1584 3083 in
1611 3028 1920 3089 sublimis--

188 3125 343 3183 sima
398 3124 500 3182 illa
550 3138 681 3195 quae
730 3122 839 3195 ipsi
890 3123 1161 3193 competit
1212 3123 1572 3184 deificatione
1621 3130 1922 3201 templum·

190 3218 370 3281 simul
398 3221 637 3293 spiritus
653 3218 1117 3292 Dei-principalis
1142 3226 1594 3295 sectatoremque
1619 3223 1907 3303 futurum,

196 3321 341 3385 dum
391 3318 581 3389 simile
622 3317 683 3377 in
736 3316 910 3381 simili
963 3317 1165 3382 fundat
1214 3317 1596 3394 collocatque:
1652 3326 1904 3396 protecto
