2667 4259
452 305 525 348 nr,
554 307 767 349 mvmts
794 308 1103 351 Nommnos
1132 323 1206 339 -—
1238 293 1418 351 carin
1451 308 1510 349 ιι.
1731 295 1838 353 161

128 372 433 477 Siquidem
460 407 521 471 in
552 408 721 466 domo
750 409 1061 480 cernimuS,
1090 409 1151 467 in
1180 423 1299 481 qua
1323 409 1524 469 multae
1549 409 1848 483 lampades

129 503 421 574 existunt,
464 504 528 561 in
571 520 759 565 unum
800 506 1092 577 quoddam
1134 507 1334 569 lumen
1375 513 1716 565 cunctarum
1757 506 1846 565 lu-

127 602 287 657 mina
332 602 677 675 coalescere,
705 604 1187 676 splendoremque
1226 620 1414 663 unum
1455 604 1856 663 individuum-,

129 711 243 767 que
278 700 547 769 proferre
558 716 581 771 ;·
621 712 814 771 neque
855 702 1195 773 quisquam,
1240 694 1323 759 ut*
1343 701 1642 771 arbitror,.
1663 705 1852 776 potest

130 796 311 852 unius
357 796 639 869 lampadis
689 798 915 857 lumen·
941 800 1027 857 ab·
1058 798 1315 857 aliarum
1357 809 1431 857 ex
1470 812 1602 855 aere
1641 805 1852 861 cuncta

126 892 357 953 lumina
400 897 729 955 continente
768 910 1085 967 secernere,
1125 903 1305 969 atque
1341 898 1591 957 alterum
1623 898 1851 969 absque

126 991 311 1048 altero
356 993 580 1063 videre,
626 996 781 1065 quod
822 999 943 1053 tota
981 995 1113 1052 totis
1166 993 1292 1055 sine
1332 994 1686 1053 contusione.
1711 1008 1846 1053 con·

128 1094 451 1159 temperata
492 1090 628 1147 sint.

206 1186 370 1251 Quin
413 1186 529 1243 imo
556 1188 604 1243 si
634 1172 765 1258 quis
791 1202 973 1246 unam
1013 1187 1335 1259 lampadem
1365 1189 1572 1246 educat
1597 1203 1629 1246 e
1657 1184 1848 1258 dome,

133 1283 309 1345 simul
359 1284 539 1341 exibit
576 1290 759 1341 totum
785 1286 1083 1355 proprium
1112 1285 1328 1354 lumen,
1359 1284 1504 1341 nihil
1531 1284 1852 1357 quidquam

133 1388 479 1438 caeterorum
521 1381 810 1439 luminum
850 1381 913 1439 in
954 1396 1027 1443 se,
1056 1382 1181 1453 ipsa
1220 1381 1394 1440 simul
1447 1380 1714 1452 trahens,
1748 1395 1854 1444 ne·-

134 1494 247 1550 que
288 1478 521 1549 aliquid
546 1478 637 1537 sui
668 1478 781 1537 illis
810 1480 1175 1549 relinquens:
1222 1485 1342 1537 erat
1383 1478 1539 1537 enim
1580 1478 1850 1551 illorum,
1924 1468 1926 1471 ’

138 1584 199 1633 ut
242 1577 389 1647 dixi,
435 1583 685 1633 totorum
726 1578 801 1635 ad
842 1584 959 1645 tota
997 1575 1247 1648 perfecta
1286 1576 1614 1647 conjunctio
1625 1592 1646 1648 ;
1691 1591 1850 1635 mera

132 1675 373 1745 penitus
416 1680 473 1731 et
514 1674 680 1732 nulla
721 1690 795 1733 ex
834 1682 995 1747 parte
1035 1676 1292 1746 confusa,
1334 1674 1511 1744 id‘que
1539 1688 1674 1734 cum
1703 1680 1854 1733 esset

134 1772 341 1829 lumen
384 1772 745 1843 incorpore,
786 1773 841 1832 id
886 1779 973 1829 est
1011 1786 1161 1843 aere,
1188 1777 1245 1829 et
1285 1784 1363 1832 ex,
1387 1769 1688 1833 materiato
1716 1769 1852 1841 igne

135 1868 431 1939 penderet.
477 1869 667 1935 Quare
707 1867 1317 1940 supersubstantialem
1371 1866 1532 1924 illam
1573 1866 1851 1927 unionem

134 1966 309 2037 longe
352 1968 809 2036 praestantiorem
851 1967 1115 2038 dicimuS,
1142 1981 1263 2026 non
1302 1966 1474 2023 modo
1516 1966 1586 2023 iis
1627 1980 1758 2036 quae
1787 1965 1854 2029 in

133 2064 761 2136 corporibus‘existunt
786 2064 1118 2134 unionibuS,
1145 2076 1358 2128 verum·
1377 2064 1548 2125 etiam
1575 2063 1692 2139 illis
1717 2078 1856 2136 quae

134 2164 192 2219 in
220 2162 538 2221 animabus
573 2161 713 2232 ipsis
739 2161 1147 2237 mentibusque
1186 2163 1558 2243 contingunt,
1585 2173 1734 2233 quas
1762 2161 1853 2219 in-

136 2262 384 2319 confusa
425 2265 485 2316 et
522 2259 979 2331 supermundiali
1019 2260 1239 2317 ratione
1282 2260 1559 2331 obtinent,
1587 2261 1730 2319 dum
1757 2260 1846 2317 lu-

136 2360 297 2417 mina
340 2359 453 2416 ista
490 2358 789 2415 deiformia
838 2346 1376 2429 supercaelestiaque
1425 2356 1862 2428 proportionata:

135 2458 243 2515 sibi
286 2456 724 2529 participatione
764 2470 867 2527 per
907 2454 1183 2521 unionem
1223 2455 1538 2535 quamdam
1579 2452 1852 2513 omnibus

137 2552 596 2622 eminentiorem,
638 2566 699 2609 se
740 2552 873 2609 totis
912 2558 1031 2609 tota
1069 2550 1428 2623 participant.

220 2651 384 2720 Quin
428 2651 598 2707 etiam
638 2657 723 2707 est
765 2650 827 2707 in
868 2648 1444 2721 superessentialibus
1457 2648 1574 2707 Dei
1599 2648 1848 2707 nomini-

1955 2666 2004 2719 s
2045 2663 2091 2709 5.

139 2750 248 2807 bus
291 2745 603 2817 distinctio,
644 2762 761 2819 qua
800 2761 919 2803 non
960 2752 1184 2805 tantum
1228 2743 1316 2819 (ut
1343 2745 1490 2820 dixi)
1531 2745 1852 2805 secundum
1927 2732 2004 2781 D
2009 2734 2130 2779 0³²²oe

1899 2814 2146 2864 persone
2145 2840 2150 2845 .

140 2847 327 2917 ipsam
370 2843 645 2903 unionem
693 2844 965 2915 quaelibet
1002 2844 1424 2917 praecipuarum
1473 2854 1854 2915 personarum
1963 2882 2086 2920 mne

140 2941 515 3014 impermixta
551 2947 727 3013 atque
780 2940 1082 3025 inconfusa
1120 2943 1384 3013 ponitur,
1432 2956 1640 3001 verum
1679 2940 1852 3001 etiam
1907 2946 2166 2993 distincto·

141 3056 207 3099 ea
248 3055 389 3111 quae
428 3014 997 3111 supersubstantialis
1034 3039 1193 3099 illius
1234 3040 1444 3099 divinae
1469 3040 1852 3113 generationis

141 3144 299 3209 sunt,
346 3137 497 3195 inter
533 3152 598 3195 se
638 3137 876 3195 minime
915 3137 1360 3207 reciprocantur.
1402 3137 1562 3197 Adeo
1589 3146 1654 3201 ut
1692 3140 1852 3201 solus

140 3235 314 3293 Pater
370 3235 498 3291 fons
548 3234 621 3292 sit
675 3236 735 3293 in
789 3236 1325 3306 supersubstantiali
1377 3238 1632 3310 Deitate,
1678 3245 1856 3311 atque

142 3332 223 3392 ita
262 3331 439 3390 Pater
480 3346 597 3393 non
638 3333 712 3411 sit
754 3332 953 3405 FiliuS,
983 3347 1173 3404 neque
1196 3331 1384 3409 *Filius
1425 3336 1498 3395 sit
1533 3336 1725 3409 Pater,
1753 3336 1856 3395 sed

1545 3436 1610 3493 11

1972 3016 2080 3061 sola

1882 3088 2137 3137 relatione.
