2667 4259
495 901 625 947 Ordo

427 968 683 1017 'onacho-

495 1054 554 1085 νη
562 1054 627 1085 m.

445 1590 697 1648 Eaeayerat

422 1661 703 1719 Demophilt‘

485 1730 633 1776 incle-

445 1802 687 1846 mentium

443 1882 557 1927 crya
591 1884 691 1928 ρω-

439 1941 692 1987 nitentem.

729 290 846 350 284·
1206 310 1250 352 s.
1295 308 1545 352 mom‘sn
1588 308 1965 352 Annomctrs:

727 409 994 489 habuisti.
1037 408 1150 473 An.
1172 425 1306 469 vero
1348 426 1467 469 non
1494 412 1553 469 id
1581 412 1771 483 ipsum
1812 426 1977 469 sacra
2016 410 2183 483 signa
2210 410 2441 483 procla-

727 506 928 563 mant?
967 522 1158 578 neque
1198 508 1352 565 enim
1392 508 1727 580 simpliciter
1754 508 1963 565 Sancta
2000 514 2336 566 sanctorum
2364 512 2447 567 ab

726 605 996 662 omuibus
1049 612 1347 677 segregata
1398 613 1566 676 sunt3
1599 620 1831 663 ·verum
1884 606 1959 663 ad
2008 606 2135 663 haec
2174 607 2448 677 proxime

723 702 941 759 accedit
963 703 1101 759 ordo
1122 704 1489 774 Pontificum,
1504 703 1711 761 deinde
1730 702 2019 759 distinctio
2044 701 2448 772 Sacerdotum,

725 812 874 867 quos
915 800 1182 870 deinceps
1222 801 1624 857 ministrorum⁴
1676 800 1896 871 gradus·
1946 800 2240 869 sequitur:
2286 801 2443 857 ordi-

726 895 876 951 natis
917 902 1115 953 autem.
1165 896 1457 955 monachis
1510 896 1817 967 adytorum
1872 903 2061 967 postes
2118 904 2257 953 sunt
2298 898 2443 953 assi·

727 998 930 1063 gnatae,
969 993 1138 1063 juxta
1179 1008 1326 1063 quas
1366 995 1539 1050 etiam
1583 982 1884 1050 initiantur
1926 1000 1981 1050 et
2020 994 2275 1064 adstant,
2320 1008 2447 1051 non

725 1091 800 1147 ad
842 1092 1162 1149 custodiam
1201 1092 1533 1149 earumdem
1551 1134 1569 1162 ,
1620 1093 1719 1149 sed
1760 1099 1827 1149 ut
1864 1098 2179 1163 agnoscant
2218 1098 2339 1149 tam
2380 1108 2445 1149 se
2470 1092 2484 1101 ’

729 1201 906 1257 quam
947 1188 1210 1247 ordinem
1251 1204 1429 1246 suum
1466 1190 1652 1261 magis
1693 1188 1905 1261 populo
1958 1203 2079 1261 prae
2122 1190 2447 1248 Sacerdoti!

728 1286 840 1343 bus
868 1288 1274 1359 propinquare.
1303 1288 1469 1347 Unde
1494 1302 1793 1347 sacromtn
1834 1302 1997 1346 sacer
2036 1289 2255 1346 ordinis
2282 1289 2446 1359 prin·

730 1384 970 1455 umatus,
1011 1400 1206 1443 rerum
1249 1400 1370 1445 eos.
1388 1386 1717 1442 divinarum
1756 1386 2063 1457 participes
2102 1386 2267 1443 reddi
2308 1400 2445 1443 san«

729 1487 820 1537 cte
860 1484 1090 1554 statuit,
1145 1482 1274 1541 aliis
1329 1483 1627 1554 videlieet,
1668 1484 1771 1554 qui
1814 1484 1883 1540 iis
1924 1483 2223 1540 interiores
2263 1490 2405 1540 sunt
2424 1526 2445 1554 ,

729 1581 1064 1637 earumdem
1093 1580 1645 1637 administrationem
1668 1581 1893 1637 cedens:
1916 1580 1999 1636 illi
2022 1580 2307 1651 siquidem
2336 1582 2447 1651 qui

731 1678 1054 1748 Symboliee
1093 1693 1320 1750 semper
1360 1679 1623 1737 divinum
1658 1678 1844 1736 altare
1898 1678 2308 1751 circumstant,
2352 1680 2444 1735 in„

732 1782 970 1833 tuentur
1009 1782 1065 1832 et
1105 1777 1353 1833 audiunt
1392 1776 1591 1833 divina
1629 1774 1783 1833 clare
1816 1773 1933 1831 'sibi
1986 1774 2266 1845 revelata,
2309 1790 2445 1845 pto-

731 1872 1114 1944 cedentesque
1153 1873 1427 1932 benevole
1466 1875 1539 1931 ad
1580 1888 1647 1930 ea
1686 1888 1817 1943 quae
1858 1878 1995 1929 sunt
2044 1876 2207 1929 extra
2246 1872 2447 1929 divina

733 1970 1076 2041 velamenta,
1117 1957 1422 2043 morigeris
1457 1971 1775 2043 ReligiosiS,
1816 1984 2101 2042 sacroque
2124 1969 2354 2042 populo,
2379 1977 2447 2027 et

733 2069 806 2125 iis
860 2069 964 2137 qui
1015 2075 1369 2139 purgantur,
1424 2067 1757 2138 ordinibus,
1810 2082 1972 2126 sacra
2024 2069 2295 2139 mysteria
2334 2082 2452 2139 pro

735 2164 957 2221 meritis
998 2165 1292 2235 pandunt;
1335 2178 1469 2235 quae
1496 2165 1746 2236 protecto
1773 2166 1881 2223 rite
1922 2166 2291 2225 immaculata
2315 2171 2443 2222 tan·

735 2263 838 2320 diu
877 2269 1102 2319 servata
1139 2270 1296 2333 sunt,
1337 2264 1519 2320 donec
1558 2263 1681 2334 ipse
1730 2263 2029 2333 tyrannice
2082 2263 2145 2319 in
2186 2277 2253 2319 ea
2290 2262 2447 2320 irru-

734 2361 888 2433 pisti,
931 2367 986 2418 et
1027 2361 1236 2419 Sancta
1275 2368 1607 2419 sanctorum
1646 2360 1741 2417 vel
1782 2362 1962 2419 invita
2015 2362 2118 2419 tibi
2159 2360 2445 2432 publicari

735 2459 990 2532 coegisti,
1031 2465 1086 2515 et
1125 2459 1337 2516 habe-re
1378 2466 1433 2516 te
1455 2459 1636 2531 jactas
1678 2464 1737 2519 et
1773 2458 2059 2517 custodire
2098 2472 2279 2528 sacra,
2306 2464 2447 2515 cuin

735 2572 806 2616 ea
845 2572 1038 2628 neque
1075 2557 1304 2628 videriS,
1346 2570 1539 2627 neque
1576 2556 1847 2626 audieris,
1890 2568 2081 2627 neque
2121 2556 2447 2627 quidquam

736 2655 948 2713 habeas
987 2669 1190 2712 eorum
1231 2668 1365 2725 quae
1406 2653 1768 2711 Sacerdotem
1810 2652 2031 2724 decent,
2056 2653 2345 2724 siquidem
2370 2668 2447 2711 nc

735 2753 1038 2811 veritatem
1075 2752 1313 2822 quidem
1342 2750 1771 2821 scripturarum
1798 2752 1981 2823 nosti,-
2016 2766 2151 2808 cum
2179 2766 2275 2809 eas
2302 2764 2446 2821 quo*

739 2851 878 2907 tidie
917 2851 1106 2908 verbis
1147 2851 1453 2921 impugnes
1492 2847 1565 2904 ad
1606 2848 2039 2907 subversionem
2065 2849 2446 2907 audientium.

741 2948 968 3005 Etenim
1009 2948 1058 3005 si
1101 2948 1234 3018 quis
1288 2944 1562 3017 gentilem
1617 2946 1998 3017 principatum
2049 2962 2087 3003 a
2132 2948 2287 3018 Rege
2338 2947 2449 3004 sibi

729 3059 1112 3115 nequaquam
1153 3045 1565 3103 demandatum
1593 3052 1915 3116 usurparet,
1952 3045 2085 3116 jure
2111 3046 2317 3102 merito
2342 3060 2447 3117 pu·

741 3145 983 3201 nitetur.
1027 3143 1178 3209 Quid
1219 3144 1288 3212 si,
1328 3143 1599 3215 Principe
1638 3136 1965 3215 ‹inempiam
1993 3143 2083 3199 vel
2120 3144 2453 3217 absolthe

744 3241 836 3299 vel
873 3241 1202 3311 damnante,
1231 3222 1519 3312 quispiam
1548 3256 1623 3299 ex
1646 3234 2005 3307 adstantibus
2032 3242 2279 3301 subditis
2304 3254 2448 3312 prae·-

729 3346 998 3399 .sumeret
1039 3339 1214 3397 latam
1254 3354 1288 3398 a
1329 3340 1579 3401 Domino
1616 3338 1955 3407 seutentiam
1996 3345 2327 3411 retractare,
2354 3354 2454 3396 ne-
