2667 4259
533 352 606 395 nn
635 336 773 397 fian.
803 350 1032 397 mnium.
1063 364 1138 381 -—
1168 332 1475 395 uArur'xv.
1778 331 1860 392 5⁷

146 448 438 531 ⁸dubitavit
463 450 588 513 ullo
613 454 786 512 modo
811 467 978 513 mens
1013 453 1334 526 perspicax,
1360 445 1607 509 visibilia
1622 436 1869 522 'proprie

169 548 327 607 rebus
365 564 512 623 qnae·
537 558 832 624 aspectum
871 549 1102 625 tugiunt
1139 546 1588 609 accommodare.

245 644 408 713 Quod
433 653 626 707 autem
652 650 807 708 venti
833 649 1226 719 nominentur,
1249 646 1363 705 hoc
1386 652 1590 703 eorum
1616 642 1863 703 celerem
1960 652 2008 709 s.
2048 652 2097 698 s.

168 742 494 804 conficiendi
533 746 812 805 rationem
851 746 1066 804 indicat
1104 744 1178 803 ad
1220 742 1415 802 omnia
1440 742 1619 800 fenne
1642 740 1868 811 absque
1887 789 1984 849 9⁸²⁸·
2012 790 2173 843 ww

48 884 54 893 .
167 849 317 897 mora
340 838 761 915 penetrantem,
789 858 1010 914 susque
1042 842 1232 913 deque
1257 840 1417 899 ultro
1442 838 1701 910 citroque
1727 849 1867 910 qua-
1969 846 2100 906 'oom-

168 910 520 1007 quaversu'm'
531 940 865 1011 permeandi
893 940 1241 1008 facultatem,
1267 946 1419 1009 quae
1445 936 1716 995 inferiora
1740 936 1866 1007 qui·
1934 930 2125 1015 parete.

165 1030 286 1091 dem
323 1035 398 1094 ad
437 1037 793 1109 superiorem
831 1043 1160 1110 promoveat
1199 1026 1637 1106 sublimitatem,
1677 1034 1871 1106 prima·
1906 998 2047 1117 ,ἵζ’
2070 999 2159 1114 ,7.5,

165 1142 288 1187 vcro
325 1140 553 1191 moveat
590 1134 664 1193 ad
703 1134 1011 1206 providum
1050 1140 1108 1193 et
1145 1131 1669 1192 communicantem
1694 1144 1759 1189 se
1782 1129 1867 1189 in·
1926 1142 1975 1187 et
2009 1136 2134 1185 ¹0³.

165 1222 458 1288 terion-ibus
497 1228 787 1303 illapsum.
828 1230 1015 1289 Possit
1053 1230 1225 1289 etiam
1273 1228 1409 1301 quis
1446 1228 1637 1288 dicere
1674 1232 1869 1285 vento-

163 1334 285 1380 sum
324 1325 471 1385 illud
521 1340 736 1386 nomen
778 1328 1016 1400 spiritus
1059 1326 1231 1397 aerii,
1283 1325 1601 1385 caelestium
1654 1322 1867 1381 intelli·

163 1422 482 1489 gentiamm
505 1424 961 1483 deiformitatem
1001 1424 1330 1496 designare:
1358 1422 1646 1493 siquidem
1686 1427 1743 1479 et
1781 1420 1868 1479 illi

161 1514 368 1576 divinae
420 1519 788 1579 efficacitatis
825 1521 1016 1593 imago
1068 1520 1336 1591 quaedam
1386 1518 1535 1576 inest
1554 1532 1643 1602 ‘ac
1680 1518 1871 1590 figura

163 1609 356 1682 (sicut
397 1614 460 1671 in
499 1614 812 1686 symbolica
837 1614 1172 1687 Theologia,
1203 1614 1377 1686 juxta
1406 1614 1707 1684 mysticam
1733 1620 1871 1687 qua·

155 1712 290 1766 tuor
329 1708 743 1769 elementorum
795 1711 1263 1783 explicationem,
1323 1709 1589 1781 pluribus
1626 1724 1666 1767 a
1700 1712 1869 1772 nobis

162 1802 617 1865 demonstratum
657 1815 742 1865 est
755 1806 788 1883 ).
806 1820 1013 1879 nempe
1050 1808 1126 1867 ob
1163 1805 1453 1864 vivificam
1492 1807 1870 1868 mobilitatem

161 1899 528 1975 velocemque
567 1910 624 1961 et
661 1904 1106 1978 insuperabilem
1145 1910 1423 1975 meatum,
1451 1915 1561 1962 nec
1596 1918 1717 1963 non
1744 1907 1869 1965 ina-

166 1999 468 2069 spectabile
507 2000 815 2061 latibulum
841 2002 1196 2061 moventium
1221 2002 1639 2074 principiorum
1664 2018 1735 2062 ac
1760 2012 1867 2063 ter-

166 2093 560 2156 minationum.
601 2098 826 2170 Nescis,
867 2100 1023 2159 enim
1045 2122 1051 2127 .
1074 2097 1292 2173 inquit,
1329 2096 1477 2158 unde
1513 2101 1723 2173 veniat,
1767 2104 1868 2161 aut
1892 2110 2030 2161 sonu.
2052 2111 2100 2161 3.
2126 2114 2173 2160 s.

167 2202 263 2260 quo
299 2194 486 2252 vadat.

236 2289 384 2357 Quin
423 2290 598 2351 etiam
638 2294 721 2351 eis
759 2292 1070 2365 'theologia
1117 2292 1292 2349 nubis
1331 2292 1583 2361 speciem
1618 2294 1865 2369 affingit,
1986 2294 2091 2343 car

167 2380 265 2442 hoc
289 2386 442 2459 ipsos
468 2402 687 2459 sacras
702 2387 1110 2461 intelligentias
1149 2386 1449 2445 declarans
1484 2400 1697 2446 arcano
1722 2403 1865 2460 quo·
1894 2366 2154 2493 Ῐὲοῗὸῖὀ

167 2477 288 2539 dam
327 2481 554 2543 lumine
601 2478 1146 2558 supermundialiter
1185 2480 1461 2553 repletas,
1500 2481 1867 2553 primilucam
2034 2468 2046 2481 '
2160 2466 2173 2482 ⁸

169 2572 312 2636 illam·
347 2582 768 2655 apparitionem
807 2581 932 2639 sine
958 2581 1108 2638 fastu
1133 2578 1452 2652 suscipere,
1492 2583 1669 2652 atque
1708 2581 1869 2643 lucu·

167 2668 336 2735 lenter
369 2679 619 2737 eandem
655 2679 718 2736 in
745 2676 1016 2738 inferiora
1047 2691 1154 2750 per
1185 2676 1572 2743 remissiorem
1610 2677 1865 2741 illustra-

174 2770 378 2833 tionem·
409 2790 522 2849 pro
550 2774 786 2834 illorum
811 2782 982 2849 captu
1009 2774 1432 2846 transfundere,
1458 2788 1567 2832 nec
1590 2788 1711 2835 non
1736 2776 1869 2838 illas

169 2866 390 2943 insuper
421 2873 817 2944 faecunditate,
855 2880 1030 2946 atque
1067 2872 1362 2931 animandi
1392 2873 1761 2947 augendique
1799 2892 1871 2937 ac
1969 2887 1975 2894 ·

173 2966 490 3033 perficiendi
513 2970 728 3029 virtute
753 2976 1041 3042 praestare,
1069 2975 1302 3042 propter
1327 2968 1731 3031 intellectualis
1759 2974 1867 3033 im·

176 3058 284 3119 bris
320 3062 764 3138 generationem,
793 3079 927 3139 quae
953 3066 1277 3140 subjectum
1309 3066 1419 3125 sibi
1446 3063 1733 3139 gremium
1758 3070 1865 3130 im·
1964 3078 2011 3135 s·
2056 3078 2102 3125 7.

178 3151 574 3231 vinguantibus
606 3162 818 3235 pluviis
843 3164 916 3221 ad
941 3162 1143 3223 vitales
1172 3164 1551 3239 partitudines
1575 3165 1864 3228 informat.
1910 3146 2040 3261 οἴω
2074 3163 2162 3202 ‘¹³⁸’

249 3256 412 3323 Quod
448 3261 498 3319 si
539 3274 776 3333 quoque
815 3260 947 3318 aeris
986 3266 1044 3318 et
1081 3258 1275 3319 electri
1313 3259 1689 3335 lapidumque
1722 3266 1869 3324 mul·
1894 3229 1945 3333 ,ἶ
1964 3224 2176 3345 ’ἷὲῗὲἇᾌ

183 3348 465 3419 tioolorum
503 3358 750 3433 speciem
793 3356 1100 3433 'theologia
1125 3356 1465 3421 -eaelcstibus
1490 3362 1749 3421 essentiis
1774 3377 1867 3421 ac-
1930 3354 2141 3413 atomi,

1918 718 2022 767 Cur
2042 720 2144 767 Aet-
2256 708 2263 715 ’
