2667 4259
546 290 619 339 ns
641 292 786 339 car„
815 290 1046 339 nisus.
1081 305 1156 325 —
1185 292 1371 340 mur
1399 292 1494 339 xv.
1794 280 1873 341 53

173 392 360 458 lariter
385 386 767 463 commendat.
793 394 1152 469 Quapropter
1175 394 1419 453 formam
1446 394 1679 468 igneam
1694 394 1875 471 signi-
1925 391 2053 475 ³550.
2073 392 2099 440 ¹
2116 388 2167 441 θ·

173 491 335 552 ficare
373 506 608 564 censeo,
647 492 970 551 caelestium
1011 490 1524 565 intelligentiarum
1560 493 1878 554 maximam

171 603 298 647 cum
344 588 478 647 Deo'
513 590 996 649 conformitatem:
1016 606 1028 617 ·
1046 590 1230 648 sancti
1275 589 1571 662 siquidem
1607 588 1887 665 mologi

169 685 720 759 superessentialem,
760 692 820 745 et
857 700 994 757 quoe
1031 685 1272 745 formari
1309 686 1519 758 nequit
1554 687 1879 759 ementiam,

169 782 226 841 in
265 784 398 857 igne
435 798 832 856 saepenumero
871 784 1222 855 describunt,
1264 791 1545 856 tanquam
1586 784 1689 857 qui
1726 782 1880 847 mul·

169 887 248 939 tas
289 881 715 954 quodammodo
755 880 1010 939 visibiles
1053 878 1140 954 (si
1179 882 1341 941 dictu
1380 882 1467 941 fas
1505 881 1627 958 est)
1669 882 1882 941 divinae

167 979 526 1051 proprietatis
577 979 858 1053 imagines
889 994 1032 1053 -prae
1084 994 1147 1037 se
1199 980 1362 1039 ferat.
1416 979 1575 1055 Ignis
1625 994 1883 1054 namque
1907 990 2052 1051 tynis
2070 1003 2191 1053 pm-

167 1074 388 1135 sensilis
427 1077 578 1136 inest
616 1076 906 1147 omnibus„
931 1083 1000 1147 ut
1025 1076 1108 1148 sic
1134 1077 1353 1149 dicam,
1390 1091 1461 1137 ac
1496 1091 1647 1150 pure
1672 1084 1884 1137 cuncta
1928 1062 2181 1127 primm·

165 1174 451 1247 pervadit,
501 1180 560 1231 et
609 1173 684 1265 ab
737 1172 1007 1231 omnibus
1059 1174 1376 1246 excipitur:
1418 1188 1675 1248 cumque
1722 1153 1881 1235 totus
1992 1146 2117 1196 ‘¹¹⁸⁰'

166 1264 366 1343 luceat,
409 1269 583 1331 simul
623 1275 710 1329 est
749 1277 806 1329 et
844 1268 1124 1342 occultus,
1153 1271 1505 1343 ignotusque
1542 1277 1741 1330 manet
1776 1284 1883 1343 per

161 1380 240 1439 se,
281 1382 404 1427 non
441 1367 698 1427 adhibita
722 1367 964 1435 materia
1002 1367 1064 1425 in
1103 1382 1284 1440 quam
1309 1368 1431 1427 vim
1456 1382 1625 1427 suam
1652 1376 1879 1428 exerat:

163 1462 544 1535 intolerabilis
583 1472 670 1523 est
709 1472 766 1523 et
805 1464 1128 1535 invisibiliS,
1168 1465 1365 1531 omnia
1404 1471 1653 1537 superat,
1694 1478 1881 1539 eaque

161 1561 380 1634 quibus
419 1556 648 1619 insedit
667 1562 741 1619 ad
781 1576 955 1627 suum
995 1561 1244 1623 traducit
1279 1561 1569 1621 officium:
1596 1562 1881 1625 alterandi

159 1660 280 1717 vim
317 1656 556 1730 obtinet,
581 1658 850 1735 omnibus
875 1658 984 1716 sibi
1011 1671 1250 1730 quoquo
1283 1660 1457 1719 modo
1488 1659 1878 1733 propinquan·
1956 1702 1966 1711 -

158 1756 322 1815 tibus
373 1757 466 1815 sui
505 1756 876 1815 consortium.
897 1755 1098 1813 tradit:
1153 1763 1393 1820 renovat
1443 1757 1639 1817 omnia
1690 1757 1880 1819 calore

155 1852 322 1925 ⁸vitali
335 1894 357 1925 ,
401 1859 460 1912 et
499 1852 822 1927 fulgoribus
859 1853 1070 1926 apertis
1111 1853 1432 1915 illuminat:
1462 1856 1645 1917 teneri
1681 1857 1880 1917 misce·

167 1951 332 2025 rique
369 1964 490 2011 non
531 1956 734 2023 potest,
773 1952 1121 2011 secernendi·
1134 1953 1254 2011 vim
1279 1952 1467 2025 babet,
1497 1952 1877 2017 immutabilis

169 2055 264 2120 est,
305 2062 542 2107 sursum
582 2048 790 2120 fertur,
809 2068 822 2081 ·
841 2042 1240 2122 penetrabilis:
1263 2084 1270 2089 ·
1293 2051 1595 2125 sublitum,
1647 2052 1876 2117 nullam

169 2146 406 2205 sustinet
432 2143 828 2218 dejectionem,
855 2159 1080 2218 semper
1106 2148 1353 2219 mobilis,
1374 2149 1561 2221 seipso
1588 2156 1875 2221 movetur,

171 2249 350 2301 movet
389 2241 524 2313 alia,
564 2242 1082 2315 comprehendendi
1123 2243 1180 2299 vi
1219 2241 1425 2314 pollet,
1460 2243 1877 2315 comprehendi

171 2341 398 2413 nequit,
440 2354 564 2399 non
589 2344 732 2413 ,eget
771 2338 983 2409 altero,
1025 2337 1175 2395 clam
1223 2351 1286 2395 se
1323 2336 1673 2408 amplificat,
1715 2346 1771 2397 et
1808 2340 1874 2399 in

174 2436 416 2506 qualibet
471 2436 666 2510 capaci
719 2434 962 2493 materia
1012 2446 1178 2489 suam
1229 2431 1445 2489 indicat
1482 2432 1873 2505 majestatem:

173 2531 362 2593 efficax
402 2540 496 2594 est
511 2572 532 2606 ,
580 2539 784 2605 potens
798 2576 818 2605 ,
865 2526 1134 2589 omnibus
1183 2527 1548 2588 invisibiliter
1585 2542 1873 2603 praesens:

175 2628 231 2685 si·
254 2631 612 2707 negligatur,
653 2644 772 2690 non
811 2628 1038 2688 videtur
1087 2627 1332 2687 existere
1344 2642 1365 2699 3
1405 2627 1607 2687 attritu
1644 2633 1839 2687 autem
1852 2669 1875 2703 ,

175 2726 320 2787 velut
355 2729 634 2803 indagine
671 2726 924 2799 quadam
950 2724 1400 2784 connaturaliter
1424 2736 1495 2783 ac
1520 2723 1751 2797 proprie
1772 2739 1872 2783 su·

165 2821 282 2884 bito
305 2826 544 2899 relucet,
571 2831 748 2899 atque
773 2836 1007 2883 sursum
1044 2821 1466 2881 incontinenter
1490 2820 1697 2894 avolat,
1725 2829 1783 2882 et
1810 2822 1872 2883 in

178 2923 428 2983 omnibus
470 2922 946 2981 luculentissimis
982 2920 1076 2979 sui
1101 2919 1608 2985 communionibus
1633 2920 1875 2991 minime

179 3017 844 3092 minuitas-complures
885 3016 1021 3075 item
1059 3017 1204 3075 alias
1239 3016 1377 3089 quis
1402 3014 1663 3077 invenire
1687 3018 1891 3103 potest
1946 3088 1953 3095 .

180 3112 316 3187 ignis
351 3119 752 3193 proprietates,
779 3128 914 3187 quae
953 3114 1120 3185 quasi
1158 3114 1398 3173 sensiles
1436 3114 1649 3175 divinae
1689 3118 1874 3180 effica-
1922 3154 1931 3163 ·
1986 3143 2006 3149 -

181 3210 352 3294 citatis
400 3215 682 3289 imagines
731 3212 996 3273 existant.
1039 3210 1204 3279 Quod
1243 3226 1379 3272 cum
1432 3210 1703 3287 Theologi
1742 3229 1870 3287 per·

184 3316 425 3377 Svectum
461 3312 728 3386 habeant,
753 3308 1007 3373 caelestcs
1042 3308 1316 3369 essentias
1344 3321 1417 3369 ex
1442 3308 1579 3385 igne
1604 3308 1907 3383 formant‚·.
1942 3340 1947 3349 ·
