2667 4259
504 290 574 333 m:
607 290 817 335 mvuus
847 291 1153 347 nuntiemus
1182 308 1255 323 -·
1284 292 1466 337 caper
1495 294 1573 338 iv,
1767 280 1876 337 197

182 402 241 453 et
282 396 405 467 ipse
430 395 612 466 Deus,
654 410 691 453 a
728 396 1049 455 substantia·
1085 403 1335 456 secretus
1363 398 1880 469 suprasubstantia-

181 490 317 551 liter
356 499 545 551 tamen
586 494 794 553 existit.
837 495 908 553 Et
946 494 1279 569 simpliciter
1320 495 1381 555 in
1421 496 1694 555 omnibus
1733 494 1912 566 aliis,.

183 590 304 659 sive
344 590 573 649 habitus
611 592 859 663 amissus
891 593 981 664 sit,
1024 595 1145 652 sive
1170 595 1400 665 penitus
1427 610 1546 653 non
1573 594 1762 664 fuerit,
1791 608 1882 651 res

183 694 379 748 tamen
420 690 557 762 ipsae
595 698 749 762 sunt,
792 698 849 749 ot
887 700 1147 763 constare
1186 698 1428 765 possunt
1437 708 1456 763 ;
1499 692 1654 766 quod
1691 698 1885 750 autem

186 788 339 847 bono
378 804 612 860 prorsus
652 790 941 862 privatum
980 798 1083 863 ωε,
1126 793 1184 851 id
1224 807 1517 864 nusquam
1555 792 1680 849 uilo
1721 796 1884 862 pacto

189 887 281 945 vel
323 888 453 959 fuit,
470 886 580 956 ‚vel
622 896 723 960 est,
768 890 855 947 vel
898 891 1023 963 erit,
1064 888 1155 949 vel
1196 906 1321 949 esse
1349 898 1547 963 potest.
1578 889 1770 947 Veluti
1799 889 1883 947 ἱιιὁ

186 993 513 1059 temperans
566 990 673 1047 etsi
725 1002 827 1060 per
878 990 1397 1062 concupiscentiam
1437 988 1886 1065 irrationabilem

191 1085 342 1143 bono
380 1085 637 1158 privatus
676 1088 780 1159 sit,
838 1094 1071 1149 eatenus
1123 1095 1315 1148 tamen
1371 1102 1488 1146 non
1541 1094 1657 1157 est,
1697 1098 1890 1157 neque

191 1185 509 1257 quidquam
550 1187 916 1259 concupisc&
956 1188 1059 1247 sed
1098 1186 1271 1247 simul
1298 1188 1446 1245 boni
1461 1186 1744 1258 particeps
1769 1182 1889 1245 exi·

192 1284 291 1341 stit
328 1285 649 1345 secundum
688 1285 897 1344 exilem
937 1287 1246 1356 quamdam
1288 1290 1518 1356 partem-
1544 1282 1810 1345 amicitias
1835 1288 1892 1341 et

194 1383 633 1455 conjunctionis,
664 1384 757 1443 ira
784 1383 1117 1443 etiam-boni
1142 1382 1560 1453 particeps-hoc
1586 1381 1712 1452 ipso
1735 1380 1892 1450 quod
1996 1381 2121 1429 rma

192 1487 474 1553 movetur,
504 1482 787 1553 cupitque.
806 1494 877 1539 ea
900 1480 1213 1552 quamam
1236 1480 1523 1550 videntur,
1549 1480 1624 1539 ad
1652 1480 1712 1537 id
1737 1478 1892 1551 quod
1923 1454 2195 1582 οῗζᾯθζζῖ

194 1579 333 1635 boni
394 1580 641 1650 speciem
695 1593 815 1650 prae
864 1594 927 1637 se
980 1581 1087 1638 fert
1140 1580 1384 1651 dirigere
1437 1584 1494 1637 et
1545 1585 1889 1639 convertere.
1922 1596 2187 1655 quamdam

196 1677 353 1743 Quin
380 1684 437 1735 et
462 1678 511 1735 is
536 1692 771 1749 quoque
796 1678 898 1750 qui
938 1677 1299 1735 deterrimam
1340 1678 1516 1735 vitam
1555 1677 1799 1748 expetit,
1826 1683 1894 1733 ut
1934 1667 2050 1712 bom·
2073 1678 2180 1724 «ψε-
2285 1694 2292 1701 ·

194 1775 300 1847 qui
340 1776 574 1836 omnino
617 1776 797 1833 vitam·
828 1775 1050 1847 cupiat,
1092 1782 1147 1835 et
1187 1776 1421 1847 quidem
1471 1774 1744 1847 optimam
1785 1774 1892 1845 ipsi
1919 1737 2198 1867 ξ’ξΐᾎρᾞ

193 1874 409 1946 visam,
465 1889 531 1932 eo
584 1874 707 1946 ipso
760 1874 1043 1947 appetitu,
1083 1880 1149 1933 ut
1190 1874 1320 1932 vitae
1370 1870 1652 1945 elipeum,
1695 1873 1797 1943 qui
1837 1878 1894 1931 et
1969 1886 2162 1925 mmm.

194 1972 469 2042 optimam
509 1971 683 2029 vitam
725 1954 989 2044 spectatq
1025 1973 1159 2031 boni
1186 1972 1492 2053 'particeps
1533 1971 1742 2031 existit.
1783 1972 1890 2029 De·-

195 2070 373 2143 nique
412 2072 461 2129 si
501 2057 727 2130 bonum'
766 2073 993 2144 penitus
1046 2071 1378 2143 sustuleris„
1407 2085 1610 2143 neque
1649 2069 1894 2129 essentia

196 2170 323 2241 erit,
364 2172 553 2243 n‘eque
596 2171 724 2242 vita,
766 2186 957 2243 neque
994 2171 1298 2242 appetituS,
1341 2184 1529 2241 neque
1555 2175 1763 2241 motuS,
1791 2182 1890 2227 ne·

200 2284 316 2339 que
356 2270 673 2341 quidquam
714 2268 891 2327 aliud.
932 2270 1147 2340 Itaque,
1177 2270 1331 2339 quod
1371 2269 1543 2327 etiam
1583 2282 1657 2327 ex
1697 2282 1891 2325 corru-

200 2368 395 2439 ptione
436 2369 534 2425 flat
576 2368 883 2440 generatim
922 2382 1055 2425 nou
1082 2372 1165 2425 est
1204 2366 1344 2423 mali
1383 2366 1488 2436 vis,
1523 2366 1628 2423 sed
1653 2364 1893 2423 minoris

200 2466 335 2523 boni
376 2467 720 2538 praesentiae:
773 2466 926 2528 sicut
968 2465 1205 2523 morbus
1242 2463 1495 2521 defectus
1535 2460 1768 2531 quidem
1808 2468 1896 2519 est

200 2564 641 2635 constitutionis,
683 2564 783 2623 sed
822 2578 943 2623 non
982 2562 1289 2632 universae;
1326 2574 1464 2619 nam
1503 2560 1553 2619 si
1593 2564 1711 2617 tota
1750 2558 1897 2617 desit

201 2662 545 2735 constituti0‚
587 2677 777 2734 neque
802 2664 1038 2723 morbus
1066 2660 1187 2733 ipse
1212 2660 1500 2728 subsistet,
1527 2658 1766 2719 morbus
1791 2671 1896 2715 au-

200 2767 316 2827 tem
356 2768 555 2819 manet
589 2768 643 2819 et
682 2762 891 2831 existit,
933 2761 993 2819 in
1034 2766 1317 2832 quantum
1357 2764 1414 2815 et
1451 2762 1666 2815 statum
1705 2754 1893 2826 habet3

200 2869 257 2918 et
296 2862 595 2919 minimam
652 2862 1111 2925 constitutionem
1132 2904 1149 2930 ,
1201 2860 1263 2915 in
1316 2872 1438 2929 qua
1475 2855 1894 2927 quodammodo

202 2962 463 3019 cohaeret.
509 2961 672 3029 Quod
701 2960 853 3017 enim
882 2960 1067 3017 omnis
1095 2958 1231 3017 boni
1258 2970 1462 3028 expers
1489 2961 1591 3025 ost,
1622 2954 1680 3011 id
1705 2965 1896 3024 neque
1960 2952 2183 3037 Malain-

198 3059 424 3131 aliquid
466 3066 567 3132 est,
610 3073 799 3130 neque
840 3058 901 3115 in
928 3057 999 3113 iis
1026 3062 1319 3139 quae'sunt
1347 3054 1569 3113 existit:
1612 3053 1766 3125 quod
1793 3066 1894 3111 au·
1925 3031 2202 3154 ᾯἸιῇῖᾚέ

200 3166 319 3217 tem
360 3159 607 3215 mixtum
644 3164 731 3215 est
742 3194 769 3229 ,-
790 3157 847 3217 id
875 3161 1105 3227 propter
1141 3155 1358 3213 bonum
1399 3158 1484 3211 est
1525 3152 1583 3209 in
1623 3150 1814 3221 rebus,
1843 3156 1900 3207 et
1943 3167 2029 3212 sed
2063 3168 2189 3211 bono

202 3260 263 3317 in
307 3265 533 3317 tantum
572 3260 633 3317 in
674 3259 847 3317 rebus
888 3256 1096 3337 existit,
1138 3262 1193 3313 et
1220 3262 1331 3326 est,
1361 3254 1423 3313 in
1450 3259 1736 3325 quantum
1762 3252 1896 3311 boni
1947 3237 2176 3282 mixtum.

201 3365 287 3419 est
329 3358 624 3431 particeps.
657 3356 810 3425 Quin
837 3356 951 3415 imo
990 3370 1057 3421 ea
1097 3369 1226 3429 quae
1253 3360 1403 3417 sunt
1444 3354 1652 3425 omnia,
1681 3352 1741 3413 in
1771 3358 1892 3409 tan-
