<?xml version="1.0" encoding="UTF-8"?>
<!DOCTYPE html PUBLIC "-//W3C//DTD XHTML 1.0 Transitional//EN"
    "http://www.w3.org/TR/xhtml1/DTD/xhtml1-transitional.dtd">
<html xmlns="http://www.w3.org/1999/xhtml" xml:lang="en" lang="en">
 <head>
  <title>
</title>
<meta http-equiv="Content-Type" content="text/html;charset=utf-8" />
  <meta name='ocr-system' content='tesseract 3.04.00' />
  <meta name='ocr-capabilities' content='ocr_page ocr_carea ocr_par ocr_line ocrx_word'/>
</head>
<body>
  <div class='ocr_page' id='page_1' title='image "./sanctidionysiia00cordgoog_0043.png"; bbox 0 0 2667 4259; ppageno 0'>
   <div class='ocr_carea' id='block_1_1' title="bbox 548 282 1883 357">
    <p class='ocr_par' dir='ltr' id='par_1_1' title="bbox 548 282 1883 357">
     <span class='ocr_line' id='line_1_1' title="bbox 548 282 1883 357; baseline 0.002 -20"><span class='ocrx_word' id='word_1_1' title='bbox 548 295 620 339; x_wconf 74' lang='lat' dir='ltr'><strong>nn</strong></span> <span class='ocrx_word' id='word_1_2' title='bbox 651 296 786 341; x_wconf 67' lang='lat' dir='ltr'><strong>cm„</strong></span> <span class='ocrx_word' id='word_1_3' title='bbox 817 295 1044 339; x_wconf 57' lang='lat' dir='ltr'><strong>umnam.</strong></span> <span class='ocrx_word' id='word_1_4' title='bbox 1079 310 1152 326; x_wconf 88' lang='lat'><em>-</em></span> <span class='ocrx_word' id='word_1_5' title='bbox 1180 294 1366 341; x_wconf 63' lang='lat' dir='ltr'><strong>carui·</strong></span> <span class='ocrx_word' id='word_1_6' title='bbox 1395 297 1517 341; x_wconf 76' lang='lat' dir='ltr'><strong>vui.</strong></span> <span class='ocrx_word' id='word_1_7' title='bbox 1772 348 1781 357; x_wconf 66' lang='lat'><strong>„</strong></span> <span class='ocrx_word' id='word_1_8' title='bbox 1810 282 1883 340; x_wconf 74' lang='lat' dir='ltr'><strong>:n</strong></span> 
     </span>
    </p>
   </div>
   <div class='ocr_carea' id='block_1_2' title="bbox 123 393 2213 3273">
    <p class='ocr_par' dir='ltr' id='par_1_2' title="bbox 165 393 1898 663">
     <span class='ocr_line' id='line_1_2' title="bbox 165 393 1893 479; baseline -0.001 -23"><span class='ocrx_word' id='word_1_9' title='bbox 165 396 430 479; x_wconf 77' lang='lat' dir='ltr'><strong>‘obscure</strong></span> <span class='ocrx_word' id='word_1_10' title='bbox 467 396 542 455; x_wconf 86' lang='lat' dir='ltr'><strong>ad</strong></span> <span class='ocrx_word' id='word_1_11' title='bbox 583 393 878 455; x_wconf 73' lang='lat' dir='ltr'><strong>interiores</strong></span> <span class='ocrx_word' id='word_1_12' title='bbox 904 398 1177 469; x_wconf 87' lang='lat' dir='ltr'><strong>pervenit.</strong></span> <span class='ocrx_word' id='word_1_13' title='bbox 1207 396 1707 465; x_wconf 81' lang='lat' dir='ltr'><strong>Quemadmodum</strong></span> <span class='ocrx_word' id='word_1_14' title='bbox 1735 396 1893 455; x_wconf 86' lang='lat' dir='ltr'><strong>enim</strong></span> 
     </span>
     <span class='ocr_line' id='line_1_3' title="bbox 194 486 1895 566; baseline -0.001 -14"><span class='ocrx_word' id='word_1_15' title='bbox 194 508 484 553; x_wconf 82' lang='lat' dir='ltr'><strong>sacrorum</strong></span> <span class='ocrx_word' id='word_1_16' title='bbox 525 502 852 553; x_wconf 87' lang='lat' dir='ltr'><strong>nostrorum</strong></span> <span class='ocrx_word' id='word_1_17' title='bbox 893 486 1300 565; x_wconf 74' lang='lat' dir='ltr'><strong>mysteriorum</strong></span> <span class='ocrx_word' id='word_1_18' title='bbox 1333 494 1521 566; x_wconf 83' lang='lat' dir='ltr'><strong>periti,</strong></span> <span class='ocrx_word' id='word_1_19' title='bbox 1550 494 1751 565; x_wconf 80' lang='lat' dir='ltr'><strong>seipsis</strong></span> <span class='ocrx_word' id='word_1_20' title='bbox 1792 506 1895 565; x_wconf 86' lang='lat' dir='ltr'><strong>ap·</strong></span> 
     </span>
     <span class='ocr_line' id='line_1_4' title="bbox 192 574 1898 663; baseline 0 -14"><span class='ocrx_word' id='word_1_21' title='bbox 192 600 451 663; x_wconf 87' lang='lat' dir='ltr'><strong>parentes</strong></span> <span class='ocrx_word' id='word_1_22' title='bbox 499 592 826 651; x_wconf 79' lang='lat' dir='ltr'><strong>divinorum</strong></span> <span class='ocrx_word' id='word_1_23' title='bbox 839 586 863 593; x_wconf 71' lang='grc'><strong>”</strong></span> <span class='ocrx_word' id='word_1_24' title='bbox 878 592 1168 651; x_wconf 85' lang='lat' dir='ltr'><strong>luminum</strong></span> <span class='ocrx_word' id='word_1_25' title='bbox 1219 574 1570 662; x_wconf 69' lang='lat' dir='ltr'><strong>expletiones</strong></span> <span class='ocrx_word' id='word_1_26' title='bbox 1624 597 1898 662; x_wconf 76' lang='lat' dir='ltr'><strong>praestare</strong></span> 
     </span>
    </p>

    <p class='ocr_par' dir='ltr' id='par_1_3' title="bbox 193 672 1895 760">
     <span class='ocr_line' id='line_1_5' title="bbox 193 672 1895 760; baseline -0.001 -15"><span class='ocrx_word' id='word_1_27' title='bbox 193 672 422 747; x_wconf 81' lang='lat' dir='ltr'><strong>censent</strong></span> <span class='ocrx_word' id='word_1_28' title='bbox 461 689 547 760; x_wconf 85' lang='lat' dir='ltr'><strong>iis,</strong></span> <span class='ocrx_word' id='word_1_29' title='bbox 577 704 826 759; x_wconf 85' lang='lat' dir='ltr'><strong>quarum</strong></span> <span class='ocrx_word' id='word_1_30' title='bbox 865 688 1090 759; x_wconf 85' lang='lat' dir='ltr'><strong>aliquid</strong></span> <span class='ocrx_word' id='word_1_31' title='bbox 1129 688 1377 745; x_wconf 86' lang='lat' dir='ltr'><strong>aliorum</strong></span> <span class='ocrx_word' id='word_1_32' title='bbox 1420 688 1723 759; x_wconf 88' lang='lat' dir='ltr'><strong>interjectu</strong></span> <span class='ocrx_word' id='word_1_33' title='bbox 1762 698 1895 759; x_wconf 80' lang='lat' dir='ltr'><strong>par·</strong></span> 
     </span>
    </p>

    <p class='ocr_par' dir='ltr' id='par_1_4' title="bbox 192 782 1893 869">
     <span class='ocr_line' id='line_1_6' title="bbox 192 782 1893 869; baseline -0.001 -27"><span class='ocrx_word' id='word_1_34' title='bbox 192 784 384 869; x_wconf 83' lang='lat' dir='ltr'><strong>ticipes</strong></span> <span class='ocrx_word' id='word_1_35' title='bbox 425 787 709 843; x_wconf 85' lang='lat' dir='ltr'><strong>existunt:</strong></span> <span class='ocrx_word' id='word_1_36' title='bbox 740 786 1004 845; x_wconf 83' lang='lat' dir='ltr'><strong>similiter</strong></span> <span class='ocrx_word' id='word_1_37' title='bbox 1043 786 1322 855; x_wconf 83' lang='lat' dir='ltr'><strong>existimo,</strong></span> <span class='ocrx_word' id='word_1_38' title='bbox 1353 782 1763 857; x_wconf 69' lang='lat' dir='ltr'><strong>Augen-corum</strong></span> <span class='ocrx_word' id='word_1_39' title='bbox 1800 798 1893 841; x_wconf 86' lang='lat' dir='ltr'><strong>or·</strong></span> 
     </span>
    </p>

    <p class='ocr_par' dir='ltr' id='par_1_5' title="bbox 193 880 1891 954">
     <span class='ocr_line' id='line_1_7' title="bbox 193 880 1891 954; baseline 0 -17"><span class='ocrx_word' id='word_1_40' title='bbox 193 880 408 953; x_wconf 76' lang='lat' dir='ltr'><strong>diuum,</strong></span> <span class='ocrx_word' id='word_1_41' title='bbox 451 884 554 954; x_wconf 87' lang='lat' dir='ltr'><strong>qui</strong></span> <span class='ocrx_word' id='word_1_42' title='bbox 593 881 763 953; x_wconf 88' lang='lat' dir='ltr'><strong>primi</strong></span> <span class='ocrx_word' id='word_1_43' title='bbox 805 882 872 939; x_wconf 72' lang='lat' dir='ltr'><strong>in·</strong></span> <span class='ocrx_word' id='word_1_44' title='bbox 906 882 1092 939; x_wconf 86' lang='lat' dir='ltr'><strong>Deum</strong></span> <span class='ocrx_word' id='word_1_45' title='bbox 1135 882 1571 953; x_wconf 60' lang='lat' dir='ltr'><strong>extenduntur,</strong></span> <span class='ocrx_word' id='word_1_46' title='bbox 1597 881 1891 939; x_wconf 83' lang='lat' dir='ltr'><strong>immedia-</strong></span> 
     </span>
    </p>

    <p class='ocr_par' dir='ltr' id='par_1_6' title="bbox 192 977 1897 1050">
     <span class='ocr_line' id='line_1_8' title="bbox 192 977 1897 1050; baseline 0.002 -19"><span class='ocrx_word' id='word_1_47' title='bbox 192 980 304 1033; x_wconf 90' lang='lat' dir='ltr'><strong>tam</strong></span> <span class='ocrx_word' id='word_1_48' title='bbox 332 977 775 1037; x_wconf 80' lang='lat' dir='ltr'><strong>illustrationem</strong></span> <span class='ocrx_word' id='word_1_49' title='bbox 812 978 1282 1050; x_wconf 68' lang='lat' dir='ltr'><strong>perspicaciorem</strong></span> <span class='ocrx_word' id='word_1_50' title='bbox 1309 992 1435 1036; x_wconf 84' lang='lat' dir='ltr'><strong>esse</strong></span> <span class='ocrx_word' id='word_1_51' title='bbox 1460 978 1897 1049; x_wconf 71' lang='lat' dir='ltr'><strong>participatione</strong></span> 
     </span>
    </p>

    <p class='ocr_par' dir='ltr' id='par_1_7' title="bbox 192 1060 1931 1153">
     <span class='ocr_line' id='line_1_9' title="bbox 192 1060 1931 1153; baseline 0.002 -27"><span class='ocrx_word' id='word_1_52' title='bbox 192 1070 422 1134; x_wconf 87' lang='lat' dir='ltr'><strong>illorum</strong></span> <span class='ocrx_word' id='word_1_53' title='bbox 463 1076 566 1146; x_wconf 86' lang='lat' dir='ltr'><strong>qui</strong></span> <span class='ocrx_word' id='word_1_54' title='bbox 606 1090 708 1153; x_wconf 85' lang='lat' dir='ltr'><strong>per</strong></span> <span class='ocrx_word' id='word_1_55' title='bbox 749 1076 1004 1145; x_wconf 86' lang='lat' dir='ltr'><strong>medium</strong></span> <span class='ocrx_word' id='word_1_56' title='bbox 1044 1074 1441 1145; x_wconf 87' lang='lat' dir='ltr'><strong>perficiuntur.</strong></span> <span class='ocrx_word' id='word_1_57' title='bbox 1470 1076 1630 1131; x_wconf 79' lang='lat' dir='ltr'><strong>Hanc</strong></span> <span class='ocrx_word' id='word_1_58' title='bbox 1657 1074 1731 1131; x_wconf 88' lang='lat' dir='ltr'><strong>ob</strong></span> <span class='ocrx_word' id='word_1_59' title='bbox 1758 1088 1897 1131; x_wconf 89' lang='lat' dir='ltr'><strong>cau·</strong></span> <span class='ocrx_word' id='word_1_60' title='bbox 1926 1060 1931 1070; x_wconf 60' lang='lat'><strong>¹</strong></span> 
     </span>
    </p>

    <p class='ocr_par' dir='ltr' id='par_1_8' title="bbox 191 1171 1893 1245">
     <span class='ocr_line' id='line_1_10' title="bbox 191 1171 1893 1245; baseline -0.001 -16"><span class='ocrx_word' id='word_1_61' title='bbox 191 1188 310 1231; x_wconf 87' lang='lat' dir='ltr'><strong>sam</strong></span> <span class='ocrx_word' id='word_1_62' title='bbox 353 1184 587 1245; x_wconf 80' lang='lat' dir='ltr'><strong>quoque</strong></span> <span class='ocrx_word' id='word_1_63' title='bbox 626 1174 824 1244; x_wconf 82' lang='lat' dir='ltr'><strong>primae</strong></span> <span class='ocrx_word' id='word_1_64' title='bbox 866 1171 1256 1243; x_wconf 62' lang='lat' dir='ltr'><strong>intelligentiae</strong></span> <span class='ocrx_word' id='word_1_65' title='bbox 1292 1173 1356 1229; x_wconf 85' lang='lat' dir='ltr'><strong>in</strong></span> <span class='ocrx_word' id='word_1_66' title='bbox 1402 1171 1751 1229; x_wconf 87' lang='lat' dir='ltr'><strong>Sacerdotali</strong></span> <span class='ocrx_word' id='word_1_67' title='bbox 1790 1185 1893 1229; x_wconf 85' lang='lat' dir='ltr'><strong>no·</strong></span> 
     </span>
    </p>

    <p class='ocr_par' dir='ltr' id='par_1_9' title="bbox 191 1254 1897 1340">
     <span class='ocr_line' id='line_1_11' title="bbox 191 1254 1897 1340; baseline -0.001 -14"><span class='ocrx_word' id='word_1_68' title='bbox 191 1276 307 1327; x_wconf 83' lang='lat' dir='ltr'><strong>stra</strong></span> <span class='ocrx_word' id='word_1_69' title='bbox 348 1271 667 1340; x_wconf 82' lang='lat' dir='ltr'><strong>traditione,</strong></span> <span class='ocrx_word' id='word_1_70' title='bbox 696 1268 1015 1340; x_wconf 75' lang='lat' dir='ltr'><strong>perfectivae</strong></span> <span class='ocrx_word' id='word_1_71' title='bbox 1055 1283 1122 1325; x_wconf 85' lang='lat' dir='ltr'><strong>ac</strong></span> <span class='ocrx_word' id='word_1_72' title='bbox 1161 1269 1419 1339; x_wconf 73' lang='lat' dir='ltr'><strong>lucificae,</strong></span> <span class='ocrx_word' id='word_1_73' title='bbox 1449 1254 1897 1339; x_wconf 77' lang='lat' dir='ltr'><strong>expiatoriaeque</strong></span> 
     </span>
    </p>

    <p class='ocr_par' dir='ltr' id='par_1_10' title="bbox 192 1364 1899 1425">
     <span class='ocr_line' id='line_1_12' title="bbox 192 1364 1899 1425; baseline -0.002 -2"><span class='ocrx_word' id='word_1_74' title='bbox 192 1368 430 1425; x_wconf 82' lang='lat' dir='ltr'><strong>virtutes</strong></span> <span class='ocrx_word' id='word_1_75' title='bbox 484 1369 862 1425; x_wconf 84' lang='lat' dir='ltr'><strong>nominantur</strong></span> <span class='ocrx_word' id='word_1_76' title='bbox 915 1380 1114 1423; x_wconf 86' lang='lat' dir='ltr'><strong>earum</strong></span> <span class='ocrx_word' id='word_1_77' title='bbox 1168 1368 1453 1425; x_wconf 82' lang='lat' dir='ltr'><strong>inferioris</strong></span> <span class='ocrx_word' id='word_1_78' title='bbox 1502 1364 1735 1423; x_wconf 80' lang='lat' dir='ltr'><strong>ordinis.</strong></span> <span class='ocrx_word' id='word_1_79' title='bbox 1776 1364 1899 1421; x_wconf 86' lang='lat' dir='ltr'><strong>exi·</strong></span> 
     </span>
    </p>

    <p class='ocr_par' dir='ltr' id='par_1_11' title="bbox 189 1460 1897 1551">
     <span class='ocr_line' id='line_1_13' title="bbox 189 1460 1897 1551; baseline -0.002 -28"><span class='ocrx_word' id='word_1_80' title='bbox 189 1473 348 1524; x_wconf 88' lang='lat' dir='ltr'><strong>stunt</strong></span> <span class='ocrx_word' id='word_1_81' title='bbox 361 1482 380 1537; x_wconf 85' lang='lat'>3</span> <span class='ocrx_word' id='word_1_82' title='bbox 424 1466 638 1551; x_wconf 82' lang='lat' dir='ltr'><strong>quippe</strong></span> <span class='ocrx_word' id='word_1_83' title='bbox 676 1480 808 1535; x_wconf 84' lang='lat' dir='ltr'><strong>quae</strong></span> <span class='ocrx_word' id='word_1_84' title='bbox 849 1480 950 1535; x_wconf 88' lang='lat' dir='ltr'><strong>per</strong></span> <span class='ocrx_word' id='word_1_85' title='bbox 989 1464 1118 1520; x_wconf 83' lang='lat' dir='ltr'><strong>illas</strong></span> <span class='ocrx_word' id='word_1_86' title='bbox 1151 1466 1226 1521; x_wconf 85' lang='lat' dir='ltr'><strong>ad</strong></span> <span class='ocrx_word' id='word_1_87' title='bbox 1251 1460 1733 1537; x_wconf 82' lang='lat' dir='ltr'><strong>superessentiale</strong></span> <span class='ocrx_word' id='word_1_88' title='bbox 1770 1477 1897 1529; x_wconf 51' lang='lat' dir='ltr'><strong>‚omf</strong></span> 
     </span>
    </p>

    <p class='ocr_par' dir='ltr' id='par_1_12' title="bbox 189 1559 1897 1734">
     <span class='ocr_line' id='line_1_14' title="bbox 191 1559 1897 1632; baseline -0.003 -13"><span class='ocrx_word' id='word_1_89' title='bbox 191 1564 356 1619; x_wconf 86' lang='lat' dir='ltr'><strong>nium</strong></span> <span class='ocrx_word' id='word_1_90' title='bbox 411 1562 758 1632; x_wconf 81' lang='lat' dir='ltr'><strong>principium</strong></span> <span class='ocrx_word' id='word_1_91' title='bbox 807 1560 1240 1628; x_wconf 74' lang='lat' dir='ltr'><strong>subvehantur,</strong></span> <span class='ocrx_word' id='word_1_92' title='bbox 1294 1566 1471 1631; x_wconf 82' lang='lat' dir='ltr'><strong>atque</strong></span> <span class='ocrx_word' id='word_1_93' title='bbox 1520 1559 1897 1629; x_wconf 75' lang='lat' dir='ltr'><strong>mysticarum</strong></span> 
     </span>
     <span class='ocr_line' id='line_1_15' title="bbox 189 1654 1897 1734; baseline -0.003 -19"><span class='ocrx_word' id='word_1_94' title='bbox 189 1658 619 1734; x_wconf 65' lang='lat' dir='ltr'><strong>expiationum,</strong></span> <span class='ocrx_word' id='word_1_95' title='bbox 670 1660 726 1711; x_wconf 92' lang='lat' dir='ltr'><strong>et</strong></span> <span class='ocrx_word' id='word_1_96' title='bbox 775 1654 1293 1731; x_wconf 84' lang='lat' dir='ltr'><strong>illuminationum,</strong></span> <span class='ocrx_word' id='word_1_97' title='bbox 1335 1655 1897 1725; x_wconf 80' lang='lat' dir='ltr'><strong>perfectionumque,</strong></span> 
     </span>
    </p>

    <p class='ocr_par' dir='ltr' id='par_1_13' title="bbox 190 1750 1899 1919">
     <span class='ocr_line' id='line_1_16' title="bbox 190 1750 1897 1825; baseline -0.001 -14"><span class='ocrx_word' id='word_1_98' title='bbox 190 1754 386 1825; x_wconf 83' lang='lat' dir='ltr'><strong>quoad</strong></span> <span class='ocrx_word' id='word_1_99' title='bbox 435 1754 505 1810; x_wconf 85' lang='lat' dir='ltr'><strong>iis</strong></span> <span class='ocrx_word' id='word_1_100' title='bbox 555 1753 642 1809; x_wconf 80' lang='lat' dir='ltr'><strong>fas</strong></span> <span class='ocrx_word' id='word_1_101' title='bbox 665 1754 812 1822; x_wconf 81' lang='lat' dir='ltr'><strong>est,</strong></span> <span class='ocrx_word' id='word_1_102' title='bbox 857 1752 1160 1823; x_wconf 80' lang='lat' dir='ltr'><strong>participes</strong></span> <span class='ocrx_word' id='word_1_103' title='bbox 1208 1752 1537 1809; x_wconf 86' lang='lat' dir='ltr'><strong>reddantur.</strong></span> <span class='ocrx_word' id='word_1_104' title='bbox 1582 1752 1701 1809; x_wconf 91' lang='lat' dir='ltr'><strong>Hoc</strong></span> <span class='ocrx_word' id='word_1_105' title='bbox 1741 1750 1897 1809; x_wconf 89' lang='lat' dir='ltr'><strong>enim</strong></span> 
     </span>
     <span class='ocr_line' id='line_1_17' title="bbox 192 1838 1899 1919; baseline -0.002 -11"><span class='ocrx_word' id='word_1_106' title='bbox 192 1838 512 1908; x_wconf 74' lang='lat' dir='ltr'><strong>universim</strong></span> <span class='ocrx_word' id='word_1_107' title='bbox 552 1849 746 1907; x_wconf 89' lang='lat' dir='ltr'><strong>divina</strong></span> <span class='ocrx_word' id='word_1_108' title='bbox 786 1848 1144 1907; x_wconf 84' lang='lat' dir='ltr'><strong>ordinatione</strong></span> <span class='ocrx_word' id='word_1_109' title='bbox 1183 1848 1459 1907; x_wconf 86' lang='lat' dir='ltr'><strong>divinitus</strong></span> <span class='ocrx_word' id='word_1_110' title='bbox 1499 1856 1797 1919; x_wconf 84' lang='lat' dir='ltr'><strong>statutum,</strong></span> <span class='ocrx_word' id='word_1_111' title='bbox 1834 1855 1899 1904; x_wconf 89' lang='lat' dir='ltr'><strong>ut</strong></span> 
     </span>
    </p>

    <p class='ocr_par' dir='ltr' id='par_1_14' title="bbox 193 1929 1903 2211">
     <span class='ocr_line' id='line_1_18' title="bbox 193 1929 1897 2019; baseline -0.003 -13"><span class='ocrx_word' id='word_1_112' title='bbox 193 1962 322 2019; x_wconf 77' lang='lat' dir='ltr'><strong>quae</strong></span> <span class='ocrx_word' id='word_1_113' title='bbox 363 1947 620 2005; x_wconf 88' lang='lat' dir='ltr'><strong>secunda</strong></span> <span class='ocrx_word' id='word_1_114' title='bbox 659 1952 815 2017; x_wconf 89' lang='lat' dir='ltr'><strong>sunt,</strong></span> <span class='ocrx_word' id='word_1_115' title='bbox 855 1929 959 2017; x_wconf 83' lang='lat' dir='ltr'><strong>per</strong></span> <span class='ocrx_word' id='word_1_116' title='bbox 997 1946 1184 2017; x_wconf 83' lang='lat' dir='ltr'><strong>prima</strong></span> <span class='ocrx_word' id='word_1_117' title='bbox 1208 1947 1435 2004; x_wconf 87' lang='lat' dir='ltr'><strong>divinas</strong></span> <span class='ocrx_word' id='word_1_118' title='bbox 1461 1946 1803 2017; x_wconf 81' lang='lat' dir='ltr'><strong>participent</strong></span> <span class='ocrx_word' id='word_1_119' title='bbox 1830 1945 1897 2002; x_wconf 88' lang='lat' dir='ltr'><strong>il-</strong></span> 
     </span>
     <span class='ocr_line' id='line_1_19' title="bbox 194 2041 1903 2129; baseline -0.001 -28"><span class='ocrx_word' id='word_1_120' title='bbox 194 2044 615 2102; x_wconf 86' lang='lat' dir='ltr'><strong>luminationes.</strong></span> <span class='ocrx_word' id='word_1_121' title='bbox 646 2044 818 2111; x_wconf 84' lang='lat' dir='ltr'><strong>Quod</strong></span> <span class='ocrx_word' id='word_1_122' title='bbox 851 2043 1054 2114; x_wconf 84' lang='lat' dir='ltr'><strong>utique</strong></span> <span class='ocrx_word' id='word_1_123' title='bbox 1085 2044 1377 2101; x_wconf 86' lang='lat' dir='ltr'><strong>multoties</strong></span> <span class='ocrx_word' id='word_1_124' title='bbox 1404 2058 1439 2099; x_wconf 88' lang='lat' dir='ltr'><strong>a</strong></span> <span class='ocrx_word' id='word_1_125' title='bbox 1465 2041 1765 2129; x_wconf 80' lang='lat' dir='ltr'><strong>Theologis</strong></span> <span class='ocrx_word' id='word_1_126' title='bbox 1798 2057 1903 2099; x_wconf 87' lang='lat' dir='ltr'><strong>ex·</strong></span> 
     </span>
     <span class='ocr_line' id='line_1_20' title="bbox 193 2136 1896 2211; baseline -0.002 -13"><span class='ocrx_word' id='word_1_127' title='bbox 193 2148 462 2211; x_wconf 78' lang='lat' dir='ltr'><strong>pressum</strong></span> <span class='ocrx_word' id='word_1_128' title='bbox 494 2141 772 2211; x_wconf 77' lang='lat' dir='ltr'><strong>reperias,</strong></span> <span class='ocrx_word' id='word_1_129' title='bbox 803 2153 940 2197; x_wconf 84' lang='lat' dir='ltr'><strong>nam</strong></span> <span class='ocrx_word' id='word_1_130' title='bbox 980 2155 1118 2197; x_wconf 93' lang='lat' dir='ltr'><strong>cum</strong></span> <span class='ocrx_word' id='word_1_131' title='bbox 1155 2140 1353 2197; x_wconf 87' lang='lat' dir='ltr'><strong>divina</strong></span> <span class='ocrx_word' id='word_1_132' title='bbox 1390 2144 1745 2208; x_wconf 84' lang='lat' dir='ltr'><strong>paternaque</strong></span> <span class='ocrx_word' id='word_1_133' title='bbox 1786 2136 1896 2195; x_wconf 90' lang='lat' dir='ltr'><strong>cle-</strong></span> 
     </span>
    </p>

    <p class='ocr_par' dir='ltr' id='par_1_15' title="bbox 123 2228 2213 2890">
     <span class='ocr_line' id='line_1_21' title="bbox 195 2228 2199 2310; baseline -0.001 -15"><span class='ocrx_word' id='word_1_134' title='bbox 195 2240 402 2297; x_wconf 79' lang='lat' dir='ltr'><strong>mentia</strong></span> <span class='ocrx_word' id='word_1_135' title='bbox 443 2237 726 2310; x_wconf 79' lang='lat' dir='ltr'><strong>populum</strong></span> <span class='ocrx_word' id='word_1_136' title='bbox 771 2228 1152 2294; x_wconf 78' lang='lat' dir='ltr'><strong>Israeliticum</strong></span> <span class='ocrx_word' id='word_1_137' title='bbox 1165 2278 1184 2305; x_wconf 91' lang='lat'><strong>,</strong></span> <span class='ocrx_word' id='word_1_138' title='bbox 1234 2234 1623 2292; x_wconf 86' lang='lat' dir='ltr'><strong>conversionis</strong></span> <span class='ocrx_word' id='word_1_139' title='bbox 1660 2235 1791 2305; x_wconf 84' lang='lat' dir='ltr'><strong>ejus</strong></span> <span class='ocrx_word' id='word_1_140' title='bbox 1830 2250 1899 2293; x_wconf 88' lang='lat' dir='ltr'><strong>ac</strong></span> <span class='ocrx_word' id='word_1_141' title='bbox 1952 2250 2199 2309; x_wconf 60' lang='lat' dir='ltr'><strong>Exempto</strong></span> 
     </span>
     <span class='ocr_line' id='line_1_22' title="bbox 199 2320 2184 2407; baseline -0.002 -16"><span class='ocrx_word' id='word_1_142' title='bbox 199 2335 390 2394; x_wconf 85' lang='lat' dir='ltr'><strong>salutis</strong></span> <span class='ocrx_word' id='word_1_143' title='bbox 415 2350 574 2407; x_wconf 83' lang='lat' dir='ltr'><strong>erge,</strong></span> <span class='ocrx_word' id='word_1_144' title='bbox 603 2332 990 2403; x_wconf 81' lang='lat' dir='ltr'><strong>corripuisset,</strong></span> <span class='ocrx_word' id='word_1_145' title='bbox 1025 2330 1447 2399; x_wconf 81' lang='lat' dir='ltr'><strong>ultricibusque</strong></span> <span class='ocrx_word' id='word_1_146' title='bbox 1474 2344 1541 2387; x_wconf 83' lang='lat' dir='ltr'><strong>ac</strong></span> <span class='ocrx_word' id='word_1_147' title='bbox 1568 2320 1899 2389; x_wconf 85' lang='lat' dir='ltr'><strong>crudelibus</strong></span> <span class='ocrx_word' id='word_1_148' title='bbox 1964 2321 2127 2366; x_wconf 79' lang='lat' dir='ltr'><strong>declar</strong></span> <span class='ocrx_word' id='word_1_149' title='bbox 2126 2334 2184 2366; x_wconf 77' lang='lat'><strong>⁰·</strong></span> 
     </span>
     <span class='ocr_line' id='line_1_23' title="bbox 199 2396 2213 2503; baseline -0.004 -15"><span class='ocrx_word' id='word_1_150' title='bbox 199 2433 530 2491; x_wconf 84' lang='lat' dir='ltr'><strong>nationibus</strong></span> <span class='ocrx_word' id='word_1_151' title='bbox 565 2426 970 2500; x_wconf 83' lang='lat' dir='ltr'><strong>corrigendum</strong></span> <span class='ocrx_word' id='word_1_152' title='bbox 1013 2423 1366 2494; x_wconf 80' lang='lat' dir='ltr'><strong>tradidisset3</strong></span> <span class='ocrx_word' id='word_1_153' title='bbox 1396 2428 1461 2481; x_wconf 78' lang='lat' dir='ltr'><strong>ut</strong></span> <span class='ocrx_word' id='word_1_154' title='bbox 1487 2437 1651 2494; x_wconf 80' lang='lat' dir='ltr'><strong>quos</strong></span> <span class='ocrx_word' id='word_1_155' title='bbox 1666 2421 1901 2494; x_wconf 80' lang='lat' dir='ltr'><strong>provide</strong></span> <span class='ocrx_word' id='word_1_156' title='bbox 1932 2396 2213 2503; x_wconf 49' lang='lat'><strong>‚3224322</strong></span> 
     </span>
     <span class='ocr_line' id='line_1_24' title="bbox 123 2521 2161 2607; baseline -0.007 -17"><span class='ocrx_word' id='word_1_157' title='bbox 123 2550 128 2557; x_wconf 87' lang='lat'><strong>·</strong></span> <span class='ocrx_word' id='word_1_158' title='bbox 181 2524 566 2607; x_wconf 77' lang='lat' dir='ltr'><strong>gubernabat,</strong></span> <span class='ocrx_word' id='word_1_159' title='bbox 601 2527 759 2585; x_wconf 87' lang='lat' dir='ltr'><strong>omni</strong></span> <span class='ocrx_word' id='word_1_160' title='bbox 799 2524 970 2585; x_wconf 73' lang='lat' dir='ltr'><strong>modo</strong></span> <span class='ocrx_word' id='word_1_161' title='bbox 1009 2524 1082 2581; x_wconf 81' lang='lat' dir='ltr'><strong>ad</strong></span> <span class='ocrx_word' id='word_1_162' title='bbox 1124 2522 1420 2581; x_wconf 86' lang='lat' dir='ltr'><strong>meliorem</strong></span> <span class='ocrx_word' id='word_1_163' title='bbox 1461 2522 1689 2594; x_wconf 72' lang='lat' dir='ltr'><strong>frugem</strong></span> <span class='ocrx_word' id='word_1_164' title='bbox 1720 2521 1899 2582; x_wconf 88' lang='lat' dir='ltr'><strong>addu·</strong></span> <span class='ocrx_word' id='word_1_165' title='bbox 1979 2528 2161 2571; x_wconf 73' lang='lat' dir='ltr'><strong>matio</strong></span> 
     </span>
     <span class='ocr_line' id='line_1_25' title="bbox 202 2594 2203 2711; baseline -0.003 -27"><span class='ocrx_word' id='word_1_166' title='bbox 202 2625 366 2699; x_wconf 80' lang='lat' dir='ltr'><strong>ceret,</strong></span> <span class='ocrx_word' id='word_1_167' title='bbox 402 2643 439 2685; x_wconf 87' lang='lat' dir='ltr'><strong>a</strong></span> <span class='ocrx_word' id='word_1_168' title='bbox 483 2625 809 2697; x_wconf 79' lang='lat' dir='ltr'><strong>captivitate</strong></span> <span class='ocrx_word' id='word_1_169' title='bbox 845 2634 1080 2694; x_wconf 81' lang='lat' dir='ltr'><strong>quoque</strong></span> <span class='ocrx_word' id='word_1_170' title='bbox 1118 2620 1329 2683; x_wconf 82' lang='lat' dir='ltr'><strong>liberos</strong></span> <span class='ocrx_word' id='word_1_171' title='bbox 1358 2622 1431 2677; x_wconf 81' lang='lat' dir='ltr'><strong>ad</strong></span> <span class='ocrx_word' id='word_1_172' title='bbox 1458 2620 1760 2693; x_wconf 87' lang='lat' dir='ltr'><strong>pristinam</strong></span> <span class='ocrx_word' id='word_1_173' title='bbox 1788 2620 1899 2678; x_wconf 77' lang='lat' dir='ltr'><strong>ior·</strong></span> <span class='ocrx_word' id='word_1_174' title='bbox 1944 2594 2203 2711; x_wconf 51' lang='lat' dir='ltr'><strong>‘&#39;fflgssn‘</strong></span> 
     </span>
     <span class='ocr_line' id='line_1_26' title="bbox 203 2696 2159 2794; baseline -0.003 -14"><span class='ocrx_word' id='word_1_175' title='bbox 203 2730 408 2783; x_wconf 88' lang='lat' dir='ltr'><strong>tunam-</strong></span> <span class='ocrx_word' id='word_1_176' title='bbox 435 2724 690 2794; x_wconf 80' lang='lat' dir='ltr'><strong>benigne</strong></span> <span class='ocrx_word' id='word_1_177' title='bbox 719 2721 1022 2779; x_wconf 86' lang='lat' dir='ltr'><strong>revocavit.</strong></span> <span class='ocrx_word' id='word_1_178' title='bbox 1053 2718 1377 2789; x_wconf 80' lang='lat' dir='ltr'><strong>Theologus</strong></span> <span class='ocrx_word' id='word_1_179' title='bbox 1404 2714 1641 2787; x_wconf 79' lang='lat' dir='ltr'><strong>quidam</strong></span> <span class='ocrx_word' id='word_1_180' title='bbox 1668 2717 1903 2775; x_wconf 87' lang='lat' dir='ltr'><strong>nomine</strong></span> <span class='ocrx_word' id='word_1_181' title='bbox 2144 2696 2159 2710; x_wconf 70' lang='grc'>’</span> 
     </span>
     <span class='ocr_line' id='line_1_27' title="bbox 205 2812 1902 2890; baseline -0.006 -11"><span class='ocrx_word' id='word_1_182' title='bbox 205 2820 496 2880; x_wconf 77' lang='lat' dir='ltr'><strong>zacharias</strong></span> <span class='ocrx_word' id='word_1_183' title='bbox 523 2822 654 2878; x_wconf 86' lang='lat' dir='ltr'><strong>visu</strong></span> <span class='ocrx_word' id='word_1_184' title='bbox 682 2818 949 2890; x_wconf 86' lang='lat' dir='ltr'><strong>percepit,</strong></span> <span class='ocrx_word' id='word_1_185' title='bbox 977 2817 1298 2889; x_wconf 75' lang='lat' dir='ltr'><strong>primorum</strong></span> <span class='ocrx_word' id='word_1_186' title='bbox 1331 2812 1666 2884; x_wconf 83' lang='lat' dir='ltr'><strong>quemdam,</strong></span> <span class='ocrx_word' id='word_1_187' title='bbox 1689 2819 1755 2869; x_wconf 89' lang='lat' dir='ltr'><strong>ut</strong></span> <span class='ocrx_word' id='word_1_188' title='bbox 1782 2813 1902 2887; x_wconf 87' lang='lat' dir='ltr'><strong>opi·</strong></span> 
     </span>
    </p>

    <p class='ocr_par' dir='ltr' id='par_1_16' title="bbox 206 2905 1901 2991">
     <span class='ocr_line' id='line_1_28' title="bbox 206 2905 1901 2991; baseline -0.005 -16"><span class='ocrx_word' id='word_1_189' title='bbox 206 2932 322 2991; x_wconf 86' lang='lat' dir='ltr'><strong>nor,</strong></span> <span class='ocrx_word' id='word_1_190' title='bbox 351 2926 436 2977; x_wconf 76' lang='lat' dir='ltr'><strong>‘ex</strong></span> <span class='ocrx_word' id='word_1_191' title='bbox 477 2916 550 2975; x_wconf 87' lang='lat' dir='ltr'><strong>iis</strong></span> <span class='ocrx_word' id='word_1_192' title='bbox 589 2917 696 2989; x_wconf 81' lang='lat' dir='ltr'><strong>qui</strong></span> <span class='ocrx_word' id='word_1_193' title='bbox 734 2916 862 2973; x_wconf 78' lang='lat' dir='ltr'><strong>Deo</strong></span> <span class='ocrx_word' id='word_1_194' title='bbox 880 2913 1127 2985; x_wconf 74' lang='lat' dir='ltr'><strong>proximi</strong></span> <span class='ocrx_word' id='word_1_195' title='bbox 1155 2918 1294 2969; x_wconf 83' lang='lat' dir='ltr'><strong>sunt</strong></span> <span class='ocrx_word' id='word_1_196' title='bbox 1317 2905 1675 2982; x_wconf 75' lang='lat' dir='ltr'><strong>Angelorum</strong></span> <span class='ocrx_word' id='word_1_197' title='bbox 1707 2908 1901 2983; x_wconf 89' lang='lat' dir='ltr'><strong>(com-</strong></span> 
     </span>
    </p>

    <p class='ocr_par' dir='ltr' id='par_1_17' title="bbox 208 3006 1901 3087">
     <span class='ocr_line' id='line_1_29' title="bbox 208 3006 1901 3087; baseline -0.005 -16"><span class='ocrx_word' id='word_1_198' title='bbox 208 3017 394 3075; x_wconf 86' lang='lat' dir='ltr'><strong>munis</strong></span> <span class='ocrx_word' id='word_1_199' title='bbox 415 3017 622 3086; x_wconf 66' lang='lat' dir='ltr'><strong>enim,</strong></span> <span class='ocrx_word' id='word_1_200' title='bbox 665 3014 750 3071; x_wconf 87' lang='lat' dir='ltr'><strong>uti</strong></span> <span class='ocrx_word' id='word_1_201' title='bbox 791 3012 942 3081; x_wconf 86' lang='lat' dir='ltr'><strong>dixi,</strong></span> <span class='ocrx_word' id='word_1_202' title='bbox 985 3011 1253 3069; x_wconf 87' lang='lat' dir='ltr'><strong>omnibus</strong></span> <span class='ocrx_word' id='word_1_203' title='bbox 1295 3006 1587 3087; x_wconf 30' lang='lat' dir='ltr'><strong>Angelica·</strong></span> <span class='ocrx_word' id='word_1_204' title='bbox 1612 3008 1901 3079; x_wconf 86' lang='lat' dir='ltr'><strong>cognomi·</strong></span> 
     </span>
    </p>

    <p class='ocr_par' dir='ltr' id='par_1_18' title="bbox 209 3103 1904 3187">
     <span class='ocr_line' id='line_1_30' title="bbox 209 3103 1904 3187; baseline -0.004 -20"><span class='ocrx_word' id='word_1_205' title='bbox 209 3114 358 3170; x_wconf 85' lang='lat' dir='ltr'><strong>natio</strong></span> <span class='ocrx_word' id='word_1_206' title='bbox 399 3112 528 3187; x_wconf 90' lang='lat' dir='ltr'><strong>est)</strong></span> <span class='ocrx_word' id='word_1_207' title='bbox 571 3112 644 3169; x_wconf 84' lang='lat' dir='ltr'><strong>ab</strong></span> <span class='ocrx_word' id='word_1_208' title='bbox 687 3110 837 3181; x_wconf 88' lang='lat' dir='ltr'><strong>ipso,</strong></span> <span class='ocrx_word' id='word_1_209' title='bbox 869 3107 1028 3165; x_wconf 71' lang='lat' dir='ltr'><strong>‘sicu-t</strong></span> <span class='ocrx_word' id='word_1_210' title='bbox 1069 3107 1290 3163; x_wconf 87' lang='lat' dir='ltr'><strong>dictum</strong></span> <span class='ocrx_word' id='word_1_211' title='bbox 1331 3112 1433 3174; x_wconf 89' lang='lat' dir='ltr'><strong>est,</strong></span> <span class='ocrx_word' id='word_1_212' title='bbox 1476 3104 1594 3161; x_wconf 90' lang='lat' dir='ltr'><strong>Deo</strong></span> <span class='ocrx_word' id='word_1_213' title='bbox 1634 3103 1741 3161; x_wconf 89' lang='lat' dir='ltr'><strong>hac</strong></span> <span class='ocrx_word' id='word_1_214' title='bbox 1781 3103 1904 3173; x_wconf 88' lang='lat' dir='ltr'><strong>ipsa</strong></span> 
     </span>
    </p>

    <p class='ocr_par' dir='ltr' id='par_1_19' title="bbox 210 3188 1903 3273">
     <span class='ocr_line' id='line_1_31' title="bbox 210 3188 1903 3273; baseline -0.005 -8"><span class='ocrx_word' id='word_1_215' title='bbox 210 3208 277 3265; x_wconf 85' lang='lat' dir='ltr'><strong>de</strong></span> <span class='ocrx_word' id='word_1_216' title='bbox 315 3224 377 3267; x_wconf 86' lang='lat' dir='ltr'><strong>re</strong></span> <span class='ocrx_word' id='word_1_217' title='bbox 418 3210 593 3267; x_wconf 84' lang='lat' dir='ltr'><strong>verba</strong></span> <span class='ocrx_word' id='word_1_218' title='bbox 625 3202 1027 3265; x_wconf 84' lang='lat' dir='ltr'><strong>consolationis</strong></span> <span class='ocrx_word' id='word_1_219' title='bbox 1059 3188 1407 3273; x_wconf 84' lang='lat' dir='ltr'><strong>percepisse:</strong></span> <span class='ocrx_word' id='word_1_220' title='bbox 1436 3200 1683 3259; x_wconf 89' lang='lat' dir='ltr'><strong>alterum</strong></span> <span class='ocrx_word' id='word_1_221' title='bbox 1710 3206 1903 3257; x_wconf 83' lang='lat' dir='ltr'><strong>autem</strong></span> 
     </span>
    </p>
   </div>
   <div class='ocr_carea' id='block_1_3' title="bbox 213 3283 1903 3375">
    <p class='ocr_par' dir='ltr' id='par_1_20' title="bbox 213 3283 1903 3375">
     <span class='ocr_line' id='line_1_32' title="bbox 213 3283 1903 3375; baseline -0.007 -14"><span class='ocrx_word' id='word_1_222' title='bbox 213 3304 748 3365; x_wconf 79' lang='lat' dir='ltr'><strong>ordinis&#39;inrerioris</strong></span> <span class='ocrx_word' id='word_1_223' title='bbox 781 3283 1087 3375; x_wconf 72' lang='lat' dir='ltr'><strong>Angelum,</strong></span> <span class='ocrx_word' id='word_1_224' title='bbox 1117 3300 1343 3357; x_wconf 81' lang='lat' dir='ltr'><strong>obviam</strong></span> <span class='ocrx_word' id='word_1_225' title='bbox 1386 3297 1581 3373; x_wconf 85' lang='lat' dir='ltr'><strong>priori,</strong></span> <span class='ocrx_word' id='word_1_226' title='bbox 1622 3296 1770 3355; x_wconf 86' lang='lat' dir='ltr'><strong>lucis</strong></span> <span class='ocrx_word' id='word_1_227' title='bbox 1811 3309 1903 3375; x_wconf 52' lang='grc' dir='ltr'><strong>ως</strong></span> 
     </span>
    </p>
   </div>
  </div>
 </body>
</html>
