2667 4259
909 80 931 115 Ι

775 286 890 345 252
1246 302 1293 345 s.
1337 302 1582 347 monrsn
1625 302 1997 349 antomon-3

775 411 830 463 et
871 404 972 475 qui
1011 404 1389 465 substantiam
1428 412 1486 464 et
1524 412 1790 465 naturam
1838 413 2139 481 exuperat,
2186 420 2261 465 ox
2310 407 2471 467 omni

771 509 932 577 parte
969 509 1023 561 et
1061 502 1122 561 in
1161 504 1494 579 universum
1536 505 1829 577 omnibus,
1874 498 2298 581 cujuscumqne
2330 508 2472 567 suh·

775 603 997 661 stantiae
1025 609 1080 661 et
1107 610 1328 663 naturae
1370 606 1509 679 sint,
1550 604 1869 664 antecellat.

1326 763 1695 825 CAPUT
1744 768 1915 823 ΧΠ.

795 897 898 981 De
933 899 1178 971 Sancto
1211 908 1613 984 sanctorum,
1650 901 1829 992 Rege
1861 920 2115 992 regum,
2149 899 2447 974 Domino

1111 997 1623 1081 dominantium,
1655 997 1799 1082 Deo
1837 998 2148 1073 deorum.⁸
2236 1072 2243 1079 ,

1275 1149 1621 1277 sYNopsts
1666 1183 1966 1243 CAPITIS.

701 1310 714 1323 ’
806 1376 810 1385 .
843 1324 894 1371 1.
929 1324 1076 1371 Ponit
1119 1323 1296 1383 capitia·
1340 1323 1492 1381 hujus
1537 1325 1951 1373 distributionem.
1994 1325 2043 1373 2.
2080 1324 2310 1385 Explicat
2354 1327 2481 1387 quid

573 1840 585 1852 .
623 1805 649 1852 1
660 1839 673 1853 .

479 1809 734 1933 Disstrtou·

575 1950 645 1995 tio

513 2020 702 2079 capitis.

541 2700 587 2754 S.
627 2698 674 2743 2.

499 2768 628 2823 Quid
661 2770 728 2813 sit

472 2840 746 2894 Sanctitas,

554 2911 672 2969 quid

487 2982 748 3039 Boanum„

491 3052 608 3111 quid
629 3052 728 3097 Do-

487 3124 724 3174 minatio,

553 3194 673 3253 quid

516 3264 704 3311 Deitas.

775 1412 1018 1460 Sanctitas
1027 1445 1063 1469 ,‚
1087 1414 1203 1473 qui-d
1236 1414 1499 1471 Regnum‚·
1526 1414 1643 1473 quid
1674 1415 1993 1471 Dmninatio,
2043 1417 2160 1477 quid
2191 1416 2369 1463 Deitas
2404 1418 2479 1463 εί-

770 1502 1016 1563 9πίῇοεηε.
1053 1503 1102 1549 3.
1119 1500 1361 1559 ‘Quonam
1384 1517 1537 1552 semu
1566 1506 1665 1557 hoec
1692 1506 1895 1554 nomino
1918 1506 1977 1551 do
1998 1506 2106 1553 Deo
2120 1507 2477 1565 predicentur.

775 1594 826 1641 4.
866 1593 973 1648 Ouo
1005 1606 1160 1641 semu
1195 1594 1346 1641 etiam
1382 1594 1576 1642 dicatur
1606 1595 1747 1641 Deus
1780 1609 1889 1642 oue
1906 1595 2134 1644 -Sanctm
2170 1605 2475 1644 sanctorum.

775 1726 1080 1857 Quoniam
1111 1804 1256 1849 .vero
1295 1805 1363 1869 ea
1398 1805 1535 1863 quae
1570 1790 1643 1851 de
1681 1790 1772 1849 his
1798 1790 2038 1850 dioenda
2061 1799 2241 1866 erant,
2271 1790 2473 1866 finem,

773 1888 862 1947 uti
897 1894 1054 1961 puto,
1096 1874 1417 1963 congruum
1448 1896 1813 1965 aeceperunt,
1844 1890 1892 1947 is
1920 1890 2021 1963 qui
2049 1888 2275 1967 infinita
2298 1891 2475 1951 habet

773 1987 1007 2061 nomina
1045 1987 1213 2045 modo
1252 1987 1418 2045 nohis
1459 1988 1629 2045 etiam
1668 1988 1993 2047 laudandus
2022 1999 2106 2048 est
2132 1996 2197 2047 ut
2224 1990 2473 2049 Sanetus

771 2090 1118 2155 sanctorum,
1159 2092 1224 2141 ut
1260 2086 1389 2149 Rex
1426 2100 1648 2157 regum,
1690 2092 1754 2147 ut
1794 2086 1853 2144 in
1897 2095 2473 2162 aeternum.regnans

773 2188 829 2239 et
869 2181 1052 2254 ultra,
1094 2190 1148 2241 et
1189 2190 1256 2241 ut
1291 2183 1571 2249 Dominus
1612 2184 2006 2257 dominorum,
2049 2193 2103 2243 et
2143 2188 2295 2247 Deus
2336 2186 2471 2245 deo-

774 2296 924 2340 rum.
977 2281 1238 2339 Primum
1291 2282 1485 2355 itaque
1544 2284 1883 2357 dicendum,
1928 2284 2069 2365 quid
2110 2286 2475 2346 sanctitatem

775 2381 958 2453 ipsam
998 2396 1122 2439 esse
1161 2397 1514 2455 censeamus,
1544 2384 1685 2455 quid
1724 2390 1987 2457 regnum,
2030 2384 2169 2457 quid
2210 2383 2472 2442 domina·

775 2480 1019 2551 tionem,
1074 2481 1214 2555 quid
1266 2482 1577 2553 Deitatem‚
1620 2488 1674 2539 et
1715 2480 1874 2554 quid·
1898 2482 2203 2555 Scripturas
2242 2482 2478 2555 signare

776 2578 954 2637 velint
991 2594 1094 2650 per
1131 2579 1365 2637 illorum
1406 2580 1665 2639 omnium
1704 2579 2163 2653 geminationem.

857 2678 1136 2741 Sanctitas
1176 2679 1353 2753 igitur
1394 2678 1493 2754 (ut
1530 2694 1688 2737 more
1728 2686 1923 2738 nostro
1960 2680 2200 2757 loquar)
2236 2688 2356 2753 est,
2397 2683 2475 2740 ab

777 2779 936 2837 omni
973 2779 1197 2839 scelere
1223 2778 1422 2851 libera,
1462 2786 1521 2837 et
1558 2778 1793 2837 omnino
1832 2780 2079 2851 perfecta
2116 2786 2172 2838 et
2213 2780 2367 2837 omni
2394 2795 2475 2838 ex

771 2884 934 2950 ‚parte
973 2877 1341 2935 immaculata
1364 2878 1599 2950 puritas.
1634 2878 1895 2951 Regnum
1936 2885 2125 2936 autem
2154 2885 2257 2947 est,
2282 2880 2477 2937 omnis

777 2976 1006 3035 termini
1025 3021 1042 3047 ,
1084 2992 1152 3033 ao
1191 2976 1433 3047 mundi,
1487 2984 1543 3034 et
1592 2977 1735 3050 legis
1776 2982 1847 3035 et·
1870 2977 2091 3035 ordinis
2128 2977 2478 3036 distributio.

776 3074 1098 3132 Dominatio
1139 3089 1274 3132 vero
1324 3090 1443 3135 non
1496 3076 1787 3135 minorum
1828 3082 2053 3136 tantum
2094 3076 2437 3135 excellentia
2458 3122 2479 3149 ‚

777 3185 978 3229 verum
1019 3172 1190 3229 etiam
1231 3173 1491 3231 omnium
1519 3174 1789 3234 decorum
1818 3189 1887 3237 ao
1912 3176 2195 3233 bonorum
2222 3175 2479 3247 eomple-

729 3342 734 3349 ¹
777 3277 836 3329 ta
873 3270 1154 3342 possessio
1196 3279 1310 3343 est,
1341 3276 1396 3329 et
1423 3288 1557 3333 vera
1582 3278 1639 3329 et
1663 3272 2007 3331 ‚inconcussa
2044 3262 2306 3344 ‘firmitas3
2336 3288 2480 3345 qua·

779 3378 1008 3445 propter
1048 3371 1357 3441 dominatio
1400 3371 1593 3434 Graeoe
1632 3386 1669 3431 a
1708 3371 1882 3462 zffptoc
1923 3371 2179 3433 derivato
2218 3372 2488 3447 nomine,
