2667 4259
765 262 879 321 204
1241 280 1291 321 s.
1330 279 1576 323 31331311
1619 280 1994 325 3330333113

766 386 962 439 eontra
1002 386 1287 453 naturam,
1330 383 1602 455 quodque
1643 381 1778 441 huie
1818 380 2098 454 naturale,
2139 380 2226 441 illi
2267 388 2467 442 eontra

764 484 1033 537 naturam
1074 486 1175 537 est.
1216 481 1450 539 Naturae
1489 495 1623 537 vero
1663 481 1868 539 vitium
1911 487 2022 552 est,
2066 480 2124 539 id
2165 483 2468 553 quodna-

766 588 911 638 turae
939 582 1287 640 eontrarium
1318 588 1422 653 est,
1451 596 1693 653 eamque
1718 583 1904 653 privat
1931 582 2054 639 suis
2079 582 2470 640 naturalibus.

763 679 890 737 Non
931 686 1016 737 est
1056 682 1249 751 itaque
1289 687 1496 737 natura
1522 680 1690 750 mala,
1719 681 1821 737 sed
1846 681 1953 737 1103
1981 687 2204 739 naturae
2243 681 2472 739 malum

767 783 882 849 331,
910 779 1067 849 quod
1094 793 1220 836 eam
1250 779 1522 851 impotem
1561 780 1746 839 reddit
1773 780 2041 851 explendi
2071 794 2139 839 ea
2167 795 2299 852 quae
2325 787 2472 838 sunt

767 883 989 933 naturae
1031 878 1275 949 propria
1332 910 1340 919 -

522 991 566 1046 s.
595 988 677 1034 27.
846 974 1063 1033 Verum
1089 990 1197 1033 nee
1223 976 1283 1032 in
1311 976 1643 1047 corporibus
1672 976 1890 1035 malum
1912 983 2012 1035 est.
2035 974 2280 1035 Foeditas
2308 975 2470 1034 enim

552 1060 649 1107 Neo
768 1079 823 1130 et
860 1074 1097 1131 morbus
1138 1073 1392 1131 defectus
1447 1074 1682 1145 quidam
1738 1076 1934 1133 formae
1973 1080 2088 1145 est,
2133 1073 2473 1145 ordinisque

463 1133 740 1248 ἠήῖἵῖο
768 1172 1039 1245 privati03
1082 1170 1228 1229 illud
1268 1179 1608 1239 autemnon
1638 1184 2058 1245 usquequaque
2085 1172 2318 1235 ,1331313
2359 1180 2472 1242 331,

503 1274 693 1319 malum
767 1272 867 1329 sed
907 1272 1102 1329 minus
1140 1272 1479 1343 pulchrum:
1525 1287 1660 1331 nam
1701 1274 1750 1331 si
1791 1273 2120 1337 omnimoda
2156 1272 2475 1343 1131311τί13-

557 1353 646 1391 ⁶⁸⁸·
770 1370 921 1428 dinis
981 1378 1045 1429 et·
1100 1372 1297 1429 sormae
1358 1372 1693 1452 ordinisque
1753 1370 2024 1429 resolutio
2085 1370 2214 1441 fiat,
2277 1372 2474 1441 ipsum

772 1484 1004 1541 quoque
1044 1485 1261 1542 eorpus
1294 1470 1563 1529 interibit.
1608 1470 1772 1537 Quod
1800 1476 1992 1529 autem
2020 1479 2226 1543 eorpus
2259 1470 2476 1527 animae

770 1583 887 1625 non
930 1569 1002 1626 sit
1043 1584 1215 1627 33333
1255 1570 1516 1639 malitiae,
1561 1568 1650 1626 vel
1691 1584 1765 1627 ex
1805 1584 1874 1626 eo
1913 1575 2152 1640 constat,
2193 1568 2474 1639 quoniam

771 1667 943 1741 etiam
984 1667 1108 1725 sine
1156 1681 1392 1739 corpore
1445 1666 1663 1725 malitia
1713 1668 1892 1739 possit
1930 1666 2104 1727 alicui
2145 1666 2440 1723 adhaerere
2455 1712 2473 1735 ‚

772 1772 839 1822 31
880 1766 940 1823 13
980 1765 1341 1823 daemonibus
1367 1771 1548 1837 patet:
1578 1764 1863 1835 siquidem
1891 1764 1949 1820 id
1979 1778 2142 1834 aeque
2175 1763 2476 1835 spiritibus

734 1858 739 1867 '
770 1860 945 1933 atque
985 1864 1287 1923 animabus
1328 1878 1507 1934 quam
1547 1862 1883 1934 corporibus
1923 1862 2144 1927 1331313
2172 1868 2274 1933 331,
2303 1862 2354 1919 31
2384 1862 2474 1919 13-

771 1962 1093 2033 firmentur,
1122 1967 1179 2017 et
1216 1962 1285 2019 de
1313 1961 1597 2019 bonorum
1625 1975 1864 2017 suorum
1892 1966 2044 2017 statu
2072 1960 2474 2017 deturbentur.

527 2076 572 2131 s.
600 2074 684 2119 28.
853 2060 963 2117 Sed
1004 2074 1195 2131 neque
1232 2060 1432 2117 tritum
1476 2059 1650 2129 illud,
1709 2060 1776 2116 In
1830 2060 2067 2119 materia
2107 2058 2325 2117 malum
2347 2104 2364 2131 ,
2407 2066 2478 2117 ut

529 2146 692 2227 Neque
772 2157 955 2229 ajunt,
998 2165 1285 2229 quatenus
1325 2158 1562 2235 materia
1591 2164 1702 2215 est:
1747 2172 1883 2215 nam
1909 2158 2116 2228 etipsa
2156 2156 2477 2228 pulchritu-

502 2228 712 2332 mcxlv-ia
774 2256 926 2313 dinis
968 2262 1022 2313 et
1064 2262 1301 2316 ornatus
1355 2256 1668 2327 formaeque
1724 2256 1789 2314 fit
1838 2257 2135 2329 partic-eps.
2179 2256 2239 2313 Si
2281 2263 2478 2313 autem

512 2358 703 2403 „nahem
774 2368 1033 2413 seorsum
1086 2356 1159 2412 ab
1210 2355 1299 2413 his
1347 2361 1550 2427 suapte
1601 2361 1810 2413 natura
1862 2354 2102 2411 materia
2139 2354 2480 2426 qualitatem

563 2437 652 2475 ‘'⁸‘'
775 2454 995 2511 nullam
1036 2455 1402 2528 speciemque
1441 2456 1688 2525 obtinet,
1729 2458 1981 2525 quonam
2035 2461 2198 2525 paeto
2237 2456 2483 2511 materia

778 2554 1096 2627 quidquam
1134 2560 1291 2625 agat,
1337 2568 1470 2624 quae
1511 2568 1618 2609 333
1658 2552 1716 2610 id
1758 2552 1946 2624 ipsum
1989 2568 2022 2611 3
2063 2566 2124 2610 33
2163 2553 2371 2624 habet,
2417 2558 2484 2610 ut

778 2652 896 2723 pati
937 2651 1156 2723 possit?
1182 2652 1482 2722 Praeterea,
1513 2665 1766 2721 quonam
1795 2652 1965 2710 modo
1994 2652 2230 2709 materia
2258 2650 2484 2715 malum

778 2751 892 2809 sit?
921 2750 979 2807 Si
1007 2752 1162 2808 enim
1204 2751 1544 2820 neutiquam
1585 2762 1992 2820 nusquamque
2031 2756 2135 2820 est,
2162 2765 2351 2821 neque
2381 2751 2484 2807 bo·

778 2866 921 2909 num
963 2852 1153 2921 neque
1194 2850 1412 2907 malum
1455 2855 1567 2907 est:
1611 2848 1702 2905 sin
1755 2863 1891 2907 vero
1942 2851 2488 2920 quomodocumque

766 2956 894 3020 331,
950 2952 1259 3021 omniaque
1311 2964 1445 3020 quae
1505 2954 1671 3019 sunt,
1723 2964 1797 3007 ex
1848 2951 1996 3007 hono
2051 2954 2188 3007 sunt
2207 2992 2224 3019 ,
2279 2948 2489 3021 utique

780 3049 951 3106 etiam
994 3050 1119 3119 ipsa
1158 3064 1232 3107 ex
1273 3050 1424 3106 bono
1467 3048 1590 3118 erit,
1633 3055 1806 3120 atque
1848 3048 1926 3105 ita
1967 3048 2058 3105 vel
2099 3049 2320 3107 bonum
2361 3064 2485 3105 ma·

782 3149 905 3205 lum
946 3147 1135 3219 3111311,
1179 3149 1267 3207 vel
1310 3154 1462 3205 certe
1503 3149 1740 3218 malum,
1771 3154 2058 3219 quatenus
2085 3163 2156 3206 ex
2197 3149 2348 3206 bono
2378 3155 2488 3218 est,

781 3248 1001 3305 bonum
1042 3248 1177 3318 erit,
1220 3246 1330 3304 nisi
1375 3246 1516 3305 forte
1556 3247 1775 3305 malum
1819 3248 2036 3303 bonum
2079 3247 2273 3319 faeiat,
2317 3246 2489 3305 adeo-

786 3360 899 3417 que
954 3345 1198 3416 bonum,
1255 3352 1542 3421 quatenus
1607 3360 1678 3404 ex
1732 3344 1882 3403 malo
1949 3351 2064 3419 est,
2117 3345 2337 3409 malum
2393 3345 2492 3404 sit.
