2667 4259
754 308 830 367 96
908 298 923 319 “
1234 322 1279 367 s,
1322 318 1574 365 monrsn
1617 315 1991 361 ‘mmmmm

754 430 1201 487 commonstrata
1238 423 1406 483 nobis
1445 419 1905 495 supermundiali
1943 432 2228 491 anagoge,
2267 432 2336 475 ac
2377 416 2466 475 di-

753 525 903 583 vinae
944 524 1075 581 vitae
1113 536 1345 593 norma,
1387 534 1490 593 per
1527 534 1706 591 quam
1745 518 1820 575 ad
1859 530 2052 575 sacras
2091 515 2217 587 ejus
2259 514 2466 573 simili-

751 621 1003 695 tudines,
1044 621 1107 679 in
1146 626 1430 693 quantum
1471 617 1598 676 fieri
1632 594 1838 687 potest,
1879 612 2211 672 evehamur.

497 729 543 783 8.
587 726 668 774 η.
832 722 1141 779 Enimvero
1182 718 1473 792 quomodo
1513 715 1678 773 nobis
1719 713 1917 771 divina
1943 712 2054 769 ista
2081 708 2322 769 imitatio
2358 710 2468 769 ali·-

756 827 844 879 ter
883 820 1175 889 obveniat,
1216 818 1330 875 nisi
1373 822 1490 873 tam
1531 810 1928 886 praestantium
1970 810 2250 868 memoria
2289 810 2470 867 bene-

756 917 1019 975 ssciorum
1068 915 1173 973 Dei
1224 910 1684 971 sacerdotalibus
1737 908 2240 981 praedicationibus
2287 914 2474 979 atque

755 1013 1042 1083 mysteriis
1078 1012 1295 1084 jugiter
1336 1009 1689 1067 innovetur?
1713 1008 1833 1065 Hoc
1859 1007 2056 1078 itaque
2097 1007 2361 1079 facimus,
2401 1013 2474 1064 ut

471 1121 586 1171 Luc.
618 1120 705 1166 aa.
756 1110 1005 1181 Eloquia
1037 1110 1263 1182 jubent,
1292 1108 1354 1165 in
1381 1108 1508 1179 ejus
1538 1105 2160 1163 commemorationem.
2207 1106 2473 1177 Quapro-

498 1192 637 1306 8:13⁶}
636 1258 696 1317 fi·
758 1216 887 1281 pter
912 1207 1145 1273 divinus
1170 1220 1408 1279 quoque
1433 1203 1658 1263 Praesul
1684 1204 1862 1261 sacris
1888 1203 2168 1261 altaribus
2193 1204 2476 1261 assistens

483 1332 615 1377 „sum
644 1331 699 1376 f„
760 1314 959 1366 sancta
994 1307 1307 1377 divinaque
1347 1304 1483 1362 lesu
1525 1317 1700 1375 opera
1745 1302 2053 1373 collaudat,
2095 1317 2228 1374 quae
2269 1316 2344 1359 ex
2383 1303 2476 1360 di-

494 1413 681 1483 vno-mo-
761 1404 1059 1464 vinissima
1098 1403 1281 1463 nostri
1322 1401 1680 1475 providentia
1705 1402 1768 1458 in
1805 1400 2052 1458 salutem
2094 1402 2321 1473 generis
2361 1402 2478 1459 hu-

531 1482 664 1516 nam
905 1506 918 1517 .
1148 1504 1161 1516 .
1228 1503 1241 1516 .
1310 1502 1322 1515 .
1507 1500 1519 1515 .
1873 1498 1884 1510 .
1999 1498 2012 1511 .
2170 1499 2183 1511 .
2223 1499 2235 1513 .

500 1542 689 1588 cnm-„5
762 1518 939 1577 mam,
980 1511 1326 1562 sanctissimi
1366 1503 1553 1559 Patris
1593 1497 1966 1570 beneplacito,
1995 1513 2058 1556 m
2087 1497 2306 1571 Spiritu
2339 1514 2478 1557 san-

512 1612 672 1671 paut.
762 1609 883 1673 eto,
925 1606 993 1659 ut
1030 1601 1278 1673 Eloquia
1315 1604 1631 1671 testantur,
1673 1597 2112 1655 consummavit.
2155 1598 2338 1655 Porro
2377 1612 2476 1655 ve·

760 1700 1022 1759 neranda
1078 1698 1440 1771 spiritalique
1497 1696 1903 1768 mysteriorum
1963 1694 2474 1766 contemplatione,

761 1805 940 1868 quam
982 1796 1337 1869 spiritalibus
1389 1794 1576 1852 oeulis
1625 1793 1953 1865 conspexit,
2005 1793 2360 1867 collaudata,
2401 1794 2476 1852 ad

761 1894 1097 1953 eorumdem
1138 1898 1562 1967 sacrosanctam
1589 1906 1662 1949 ex
1689 1891 1884 1949 divino
1917 1890 2180 1949 instituto
2220 1891 2480 1963 procedit
2547 1884 2556 1893 ’

764 1990 1281 2064 consecrationem:
1339 1988 1610 2061 quocirca
1661 1994 1993 2047 reverenter
2042 1989 2251 2061 simul,
2305 1996 2364 2049 et
2412 1996 2480 2047 ut

762 2086 1098 2144 Pontificem
1126 2086 1313 2157 decet,
1344 2091 1472 2157 post
1497 2098 1689 2143 sacras
1716 2084 1847 2142 illas
1875 2084 2206 2144 divinorum
2234 2100 2478 2162 operum

763 2182 983 2254 laudes,
1026 2184 1097 2241 de
1140 2182 1433 2257 Sacrificio
1475 2183 1815 2255 dignitatem
1855 2197 2024 2241 suam
2065 2191 2378 2256 superante
2417 2200 2481 2245 se

434 2338 441 2343 .
480 2299 593 2346 Luc.
628 2298 713 2344 22.
766 2290 993 2356 purgat,
1034 2283 1107 2341 ad
1151 2282 1443 2341 Christum
1486 2282 1650 2353 prius
1689 2281 2086 2354 exclamando,
2131 2282 2219 2340 Tu
2259 2282 2480 2355 dixisti,

554 2370 582 2412 ¹
595 2369 642 2414 ⁹·
764 2382 879 2439 Hoc
944 2382 1107 2453 facite
1166 2381 1227 2438 in
1284 2396 1467 2437 meam
1526 2380 2110 2438 commemorationem.
2171 2380 2484 2439 Postulans

768 2479 975 2538 deinde
1023 2480 1133 2537 boe
1183 2479 1474 2537 Sacrificio
1522 2478 1628 2535 Dei
1679 2477 1999 2536 imitatione
2040 2479 2252 2551 dignus
2293 2479 2482 2573 arilei,

769 2593 879 2636 nec
916 2592 1033 2635 non
1076 2578 1400 2633 seeundum
1431 2573 1638 2631 Christi
1667 2574 2108 2635 similitudinem
2151 2577 2350 2636 divina
2387 2592 2482 2637 ce·
2660 2578 2666 2607 ¹

770 2674 1011 2742 lebrare,
1044 2672 1398 2743 omninoque
1439 2684 1586 2741 pure
1623 2670 1986 2743 distribuere,
2015 2687 2232 2745 eosque
2259 2674 2363 2749 qui
2387 2689 2482 2733 sa·

772 2785 1006 2831 erorum
1047 2768 1229 2827 fut-uri
1272 2775 1410 2827 sunt
1449 2768 1755 2840 participes
1797 2772 2222 2842 mysteriorum,
2268 2772 2481 2833 iisdem

773 2868 947 2939 digne
984 2874 1297 2938 sancteque
1334 2866 1781 2937 communicare,
1815 2866 2174 2927 divinissima
2213 2869 2316 2929 illa
2354 2884 2480 2941 my-

523 2950 675 2995 Sacra
774 2964 949 3021 steria
986 2964 1253 3034 eelebrat‚
1282 2970 1339 3021 et
1361 2964 1483 3034 jam
1511 2970 1858 3034 consecrata,
1887 2958 1998 3022 su'b
2031 2966 2306 3037 symbolis
2348 2982 2480 3039 pro·

494 3032 712 3142 ⁶⁰22&
774 3060 973 3131 positis
1012 3059 1130 3118 ritu
1170 3074 1333 3117 sacro
1374 3059 1610 3117 visenda
1638 3054 1937 3133 proponit:
1967 3063 2253 3133 siquidem
2282 3072 2484 3137 operto

498 3158 704 3241 dafuae
775 3156 1189 3227 individuoque
1228 3170 1378 3227 pane
1418 3156 1685 3227 revelato,
1720 3163 1776 3215 et
1817 3158 1878 3214 in
1906 3157 2090 3216 multa
2117 3159 2319 3231 diviso,
2361 3161 2494 3221 sin-‘

500 3228 617 3285 ’5²¹²'
655 3242 710 3274 “⁰
772 3252 1077 3325 gularique
1118 3251 1294 3310 calice
1334 3253 1604 3311 omnibus
1644 3253 1960 3325 impertito,
2003 3255 2282 3320 unitatem
2323 3272 2480 3329 sym-

461 3334 471 3344 ’
511 3312 692 3424 ἧξῖῗῖο.
772 3348 955 3409 bolice
995 3347 1340 3421 multiplicat
1371 3350 1800 3421 distribuitque,
1827 3358 2262 3413 sacrosanctum
2303 3352 2364 3413 in
2405 3354 2482 3415 iis
