2667 4259
464 2715 510 2772 S.
553 2713 602 2759 5.

479 2784 607 2840 Ouid

426 2859 639 2904 ebrietas

493 2929 588 2974 Det·

694 317 816 378 ³⁰0
1172 334 1218 378 s,
1261 333 1509 380 morusn
1550 331 1923 378 antomon-13

695 433 996 508 providere
1031 435 1391 508 praedicatur.
1420 436 1683 496 Arbitror
1706 437 1921 510 itaque,
1946 432 2195 494 solidum
2222 415 2393 494 illuni

695 534 892 594 cibum
944 533 1290 593 intellectilis
1341 549 1412 594 ac
1460 534 1875 607 perseverantis
1926 533 2285 606 perfectionis
2334 540 2395 592 et

696 614 1027 692 idemtitatis
1067 633 1299 707 signum
1340 648 1461 706 prae
1498 649 1561 692 se
1600 635 1774 706 ferre,
1818 648 1935 705 quo
1974 631 2255 706 spiritales
2296 632 2395 692 isti

690 745 904 790 sensus
942 732 1261 790 secundum
1295 737 1650 792 constantem
1685 747 1755 790 ac
1785 732 2139 804 potissimam
2178 738 2235 790 et
2272 731 2392 790 sin-

695 830 959 904 gularem
997 831 1158 890 illam
1197 830 1553 890 individuam
1594 831 1891 890 scientiam
1930 831 2127 890 divina
2164 823 2395 902 partici-

695 936 854 1001 pant,
895 945 1044 1002 quos
1083 929 1477 988 divinissimus
1516 942 1749 1002 quoque
1791 927 2010 988 Paulus
2050 928 2220 988 solidi
2258 944 2395 988 vere

692 1028 812 1086 cibi
848 1043 884 1087 a
923 1027 1200 1100 sapientia
1250 1028 1466 1101 accepti
1518 1028 1820 1100 participes
1876 1029 2027 1086 facit.
2081 1027 2395 1100 Liquidum

696 1141 834 1186 vero
879 1129 1075 1188 cibum
1123 1127 1449 1201 significare
1496 1127 1815 1186 doctrinam
1865 1127 2024 1185 illam
2064 1127 2394 1198 profusam,

689 1237 828 1298 quoe
867 1227 1008 1286 dum
1047 1241 1151 1298 per
1189 1227 1383 1285 omnia
1422 1232 1683 1299 vagatur,
1724 1225 1898 1284 simul
1938 1225 2111 1284 etiam
2152 1239 2256 1298 per
2294 1239 2393 1282 va-

695 1326 786 1386 ria
823 1325 923 1384 illa
962 1325 1417 1398 multipliciaque
1466 1326 1631 1399 signa
1680 1326 1753 1384 ad
1804 1322 2121 1396 simplicem
2164 1330 2219 1382 et
2256 1337 2390 1382 con-

695 1431 944 1485 stantem
981 1425 1086 1484 Dei
1127 1424 1539 1500 cognitionem,
1582 1437 1678 1484 eos
1720 1437 1867 1494 quos
1906 1421 2117 1492 nutrit,
2158 1436 2260 1494 per
2298 1437 2392 1480 ac-

695 1525 1113 1584 commodatam
1151 1523 1441 1596 cuiusque
1464 1523 1657 1596 captui
1684 1521 1994 1580 honitatem
2034 1520 2391 1578 manuducit.

696 1623 860 1681 Hanc
907 1624 980 1681 oh
1031 1637 1264 1681 causam
1308 1621 1555 1694 Eloquia
1594 1619 1695 1678 illa
1732 1620 1929 1678 divina
1968 1618 2391 1690 spiritaliaque,

697 1729 756 1780 et
794 1722 943 1794 rori,
985 1728 1042 1780 et
1079 1736 1269 1794 aquae,
1311 1727 1367 1780 et
1406 1720 1570 1792 lacti,
1612 1726 1669 1777 et
1707 1719 1843 1778 'vino
1881 1733 1951 1776 ac
1988 1717 2147 1775 melli
2187 1719 2393 1776 merito

695 1818 1119 1892 assimilantur,
1161 1820 1298 1891 quia
1348 1818 1677 1878 vivificandi
1722 1831 1791 1876 ac
1839 1816 2183 1877 secundandi
2224 1821 2291 1874 ut
2328 1817 2391 1874 in

695 1931 878 1991 aqua,
905 1919 1058 1978 etad
1086 1918 1505 1976 incrementum
1546 1915 1895 1990 perducendi
1936 1921 2002 1973 ut
2022 1915 2105 1972 ·in
2142 1913 2307 1986 lacte,
2334 1920 2393 1973 et

695 2017 992 2076 recreandi
1031 2023 1096 2078 ut
1137 2017 1197 2074 in
1239 2015 1393 2087 vino,
1422 2015 1823 2088 purgandique
1848 2013 2023 2074 simul
2056 2027 2124 2072 ae
2162 2027 2390 2072 conser-

695 2113 870 2174 vandi
911 2120 976 2172 ut
1015 2113 1078 2171 in
1117 2112 1287 2172 melle
1326 2112 1447 2170 vim
1485 2113 1727 2170 habent:
1756 2113 1862 2171 ista
1888 2112 2165 2170 nimirum
2198 2111 2392 2170 divina

695 2208 974 2280 sapientia
1011 2209 1186 2266 donat
1227 2209 1351 2266 suis
1390 2207 1638 2280 asseclis,
1674 2209 1814 2266 dum
1848 2209 2293 2268 redundantium
2334 2215 2394 2268 et

695 2306 1151 2368 indeficientium
1211 2306 1547 2366 deliciarum
1608 2321 1848 2365 suarum
1900 2306 2256 2366 affluentiam
2308 2307 2394 2365 eis

698 2407 930 2479 praehet,
960 2413 1015 2466 et
1041 2405 1231 2464 adhuc
1269 2404 1646 2478 supereffluit.
1675 2405 1834 2463 Istud
1875 2419 2081 2477 nempe
2117 2404 2395 2462 veraciter

699 2510 785 2562 est
811 2503 1059 2576 epulari,
1093 2508 1148 2561 et
1185 2503 1397 2561 idcirco
1424 2510 1489 2559 ut
1514 2501 1809 2572 vivificans
1836 2503 2011 2560 simul
2038 2509 2094 2560 et
2121 2500 2395 2574 parvulos

699 2603 979 2674 nutriens„
1020 2615 1420 2673 renovansque
1458 2615 1528 2660 ac
1564 2602 1864 2674 perficiens
1904 2601 2241 2660 celebratur.

778 2701 992 2772 Nempe
1026 2699 1196 2772 ,iuxta
1235 2700 1387 2758 hanc
1424 2705 1646 2758 sacram
1664 2704 1671 2710 ’
1687 2699 1934 2758 convivii
1978 2700 2391 2772 expositionem

701 2800 871 2860 etiam
913 2800 1149 2871 ipsemet
1190 2799 1474 2872 bonorum
1526 2797 1788 2856 omnium
1837 2796 2039 2856 auctor
2076 2797 2233 2856 Deus
2272 2798 2391 2858 ine-

697 2899 878 2958 briari
917 2898 1142 2971 dicitur,
1171 2903 1402 2970 propter
1427 2893 1835 2968 plenissimam,
1878 2903 1951 2968 et,
1992 2911 2125 2968 quae
2164 2911 2395 2955 omnem

432 3000 634 3056 mystice
705 2998 1141 3071 intelligentiam
1183 3000 1432 3068 superat,
1470 2995 1683 3055 divinae
1722 2994 2081 3068 epulationis,
2122 2994 2232 3066 vel,
2273 3009 2396 3054 ma-

408 3069 662 3130 eiym‘ficet.

701 3099 790 3173 gis
830 3097 1054 3172 proprie
1095 3096 1414 3168 loquendo,
1462 3096 1628 3154 honae
1676 3095 2039 3156 habitudinis
2065 3095 2172 3154 Dei
2212 3095 2394 3166 perfe-

702 3198 1010 3256 ctissimam
1053 3202 1110 3255 et
1149 3195 1496 3256 ineffabilem
1538 3195 1994 3256 immensitatem.
2038 3195 2197 3254 Sicut
2238 3195 2393 3255 enim

703 3311 772 3355 ea
811 3311 944 3369 quae
983 3294 1136 3368 apud
1177 3309 1282 3354 nos
1307 3301 1397 3353 est
1420 3295 1683 3368 ebrietas,
1711 3295 1772 3354 in
1800 3294 2136 3354 deteriorem
2174 3301 2395 3368 partem
2446 3335 2453 3340 -

705 3397 958 3472 eapitur,
1011 3401 1213 3471 estque
1263 3394 1569 3460 immodica
1612 3394 1885 3470 repletio,
1935 3400 2167 3471 propter
2216 3407 2395 3469 quam
