<?xml version="1.0" encoding="UTF-8"?>
<!DOCTYPE html PUBLIC "-//W3C//DTD XHTML 1.0 Transitional//EN"
    "http://www.w3.org/TR/xhtml1/DTD/xhtml1-transitional.dtd">
<html xmlns="http://www.w3.org/1999/xhtml" xml:lang="en" lang="en">
 <head>
  <title>
</title>
<meta http-equiv="Content-Type" content="text/html;charset=utf-8" />
  <meta name='ocr-system' content='tesseract 3.04.00' />
  <meta name='ocr-capabilities' content='ocr_page ocr_carea ocr_par ocr_line ocrx_word'/>
</head>
<body>
  <div class='ocr_page' id='page_1' title='image "./sanctidionysiia00cordgoog_0238.png"; bbox 0 0 2667 4259; ppageno 0'>
   <div class='ocr_carea' id='block_1_1' title="bbox 504 460 785 507">
    <p class='ocr_par' dir='ltr' id='par_1_1' title="bbox 504 460 785 507">
     <span class='ocr_line' id='line_1_1' title="bbox 504 460 785 507; baseline -0.004 -12"><span class='ocrx_word' id='word_1_1' title='bbox 504 460 785 507; x_wconf 62' lang='lat' dir='ltr'>cognoscen-</span> 
     </span>
    </p>
   </div>
   <div class='ocr_carea' id='block_1_2' title="bbox 559 517 825 565">
    <p class='ocr_par' dir='ltr' id='par_1_2' title="bbox 559 517 825 565">
     <span class='ocr_line' id='line_1_2' title="bbox 559 517 825 565; baseline 0 0"><span class='ocrx_word' id='word_1_2' title='bbox 559 517 825 565; x_wconf 52' lang='lat' dir='ltr'>dauns*</span> 
     </span>
    </p>
   </div>
   <div class='ocr_carea' id='block_1_3' title="bbox 555 592 734 649">
    <p class='ocr_par' dir='ltr' id='par_1_3' title="bbox 555 592 734 649">
     <span class='ocr_line' id='line_1_3' title="bbox 555 592 734 649; baseline 0.017 -15"><span class='ocrx_word' id='word_1_3' title='bbox 555 592 734 649; x_wconf 75' lang='lat' dir='ltr'>ticipet.</span> 
     </span>
    </p>
   </div>
   <div class='ocr_carea' id='block_1_4' title="bbox 508 942 786 1199">
    <p class='ocr_par' dir='ltr' id='par_1_4' title="bbox 508 942 786 1199">
     <span class='ocr_line' id='line_1_4' title="bbox 577 942 713 987; baseline -0.007 0"><span class='ocrx_word' id='word_1_4' title='bbox 577 942 713 987; x_wconf 75' lang='lat' dir='ltr'>Deus</span> 
     </span>
     <span class='ocr_line' id='line_1_5' title="bbox 508 1012 786 1071; baseline 0.004 -15"><span class='ocrx_word' id='word_1_5' title='bbox 508 1013 561 1058; x_wconf 81' lang='lat' dir='ltr'>in</span> <span class='ocrx_word' id='word_1_6' title='bbox 590 1026 641 1056; x_wconf 71' lang='lat' dir='ltr'>se</span> <span class='ocrx_word' id='word_1_7' title='bbox 676 1012 786 1071; x_wconf 76' lang='lat' dir='ltr'>ipso</span> 
     </span>
     <span class='ocr_line' id='line_1_6' title="bbox 580 1084 714 1127; baseline 0 0"><span class='ocrx_word' id='word_1_8' title='bbox 580 1084 714 1127; x_wconf 81' lang='lat' dir='ltr'>novit</span> 
     </span>
     <span class='ocr_line' id='line_1_7' title="bbox 555 1154 737 1199; baseline -0.011 0"><span class='ocrx_word' id='word_1_9' title='bbox 555 1154 737 1199; x_wconf 74' lang='lat' dir='ltr'>omnia.</span> 
     </span>
    </p>
   </div>
   <div class='ocr_carea' id='block_1_5' title="bbox 823 307 2050 384">
    <p class='ocr_par' dir='ltr' id='par_1_5' title="bbox 823 307 2050 384">
     <span class='ocr_line' id='line_1_8' title="bbox 823 307 2050 384; baseline 0.002 -3"><span class='ocrx_word' id='word_1_10' title='bbox 823 322 936 383; x_wconf 72' lang='lat'>226</span> <span class='ocrx_word' id='word_1_11' title='bbox 1298 338 1342 382; x_wconf 76' lang='lat' dir='ltr'>S.</span> <span class='ocrx_word' id='word_1_12' title='bbox 1387 307 1631 383; x_wconf 46' lang='lat' dir='ltr'>mouisti</span> <span class='ocrx_word' id='word_1_13' title='bbox 1675 338 2050 384; x_wconf 62' lang='lat' dir='ltr'>Anuomor&#39;rffl</span> 
     </span>
    </p>
   </div>
   <div class='ocr_carea' id='block_1_6' title="bbox 813 442 2517 1305">
    <p class='ocr_par' dir='ltr' id='par_1_6' title="bbox 813 442 2517 1305">
     <span class='ocr_line' id='line_1_9' title="bbox 813 442 2509 518; baseline 0.002 -18"><span class='ocrx_word' id='word_1_14' title='bbox 813 442 1130 516; x_wconf 75' lang='lat' dir='ltr'>‘praehabet,</span> <span class='ocrx_word' id='word_1_15' title='bbox 1186 451 1240 501; x_wconf 93' lang='lat' dir='ltr'>et</span> <span class='ocrx_word' id='word_1_16' title='bbox 1294 452 1433 502; x_wconf 87' lang='lat' dir='ltr'>ante·</span> <span class='ocrx_word' id='word_1_17' title='bbox 1478 445 1931 517; x_wconf 85' lang='lat' dir='ltr'>comprehendit,</span> <span class='ocrx_word' id='word_1_18' title='bbox 1974 460 2091 502; x_wconf 89' lang='lat' dir='ltr'>non</span> <span class='ocrx_word' id='word_1_19' title='bbox 2138 443 2383 518; x_wconf 87' lang='lat' dir='ltr'>singulis</span> <span class='ocrx_word' id='word_1_20' title='bbox 2426 461 2509 503; x_wconf 84' lang='lat' dir='ltr'>se-</span> 
     </span>
     <span class='ocr_line' id='line_1_10' title="bbox 815 532 2511 615; baseline 0.001 -14"><span class='ocrx_word' id='word_1_21' title='bbox 815 544 1071 601; x_wconf 89' lang='lat' dir='ltr'>cundum</span> <span class='ocrx_word' id='word_1_22' title='bbox 1129 542 1413 614; x_wconf 86' lang='lat' dir='ltr'>cujusque</span> <span class='ocrx_word' id='word_1_23' title='bbox 1466 532 1709 615; x_wconf 87' lang='lat' dir='ltr'>speciem</span> <span class='ocrx_word' id='word_1_24' title='bbox 1766 544 2098 614; x_wconf 83' lang='lat' dir='ltr'>intendens,</span> <span class='ocrx_word' id='word_1_25' title='bbox 2154 544 2257 601; x_wconf 83' lang='lat' dir='ltr'>sed</span> <span class='ocrx_word' id='word_1_26' title='bbox 2308 557 2511 602; x_wconf 88' lang='lat' dir='ltr'>secun-</span> 
     </span>
     <span class='ocr_line' id='line_1_11' title="bbox 815 630 2513 713; baseline 0 -14"><span class='ocrx_word' id='word_1_27' title='bbox 815 644 956 699; x_wconf 87' lang='lat' dir='ltr'>dum</span> <span class='ocrx_word' id='word_1_28' title='bbox 1020 642 1248 699; x_wconf 82' lang='lat' dir='ltr'>unicam</span> <span class='ocrx_word' id='word_1_29' title='bbox 1297 630 1497 699; x_wconf 62' lang='lat' dir='ltr'>&#39;causae</span> <span class='ocrx_word' id='word_1_30' title='bbox 1558 641 2011 713; x_wconf 81' lang='lat' dir='ltr'>complexionem</span> <span class='ocrx_word' id='word_1_31' title='bbox 2064 648 2271 699; x_wconf 86' lang='lat' dir='ltr'>cuncta</span> <span class='ocrx_word' id='word_1_32' title='bbox 2324 643 2513 699; x_wconf 83' lang='lat' dir='ltr'>sciens</span> 
     </span>
     <span class='ocr_line' id='line_1_12' title="bbox 817 724 2514 799; baseline 0 -1"><span class='ocrx_word' id='word_1_33' title='bbox 817 746 872 798; x_wconf 84' lang='lat' dir='ltr'>et</span> <span class='ocrx_word' id='word_1_34' title='bbox 912 742 1236 798; x_wconf 78' lang='lat' dir='ltr'>continens:</span> <span class='ocrx_word' id='word_1_35' title='bbox 1280 741 1433 799; x_wconf 82' lang='lat' dir='ltr'>sicut</span> <span class='ocrx_word' id='word_1_36' title='bbox 1468 749 1523 799; x_wconf 89' lang='lat' dir='ltr'>et</span> <span class='ocrx_word' id='word_1_37' title='bbox 1562 740 1669 797; x_wconf 83' lang='lat' dir='ltr'>lux</span> <span class='ocrx_word' id='word_1_38' title='bbox 1708 740 2029 798; x_wconf 89' lang='lat' dir='ltr'>secundum</span> <span class='ocrx_word' id='word_1_39' title='bbox 2084 724 2314 799; x_wconf 82' lang='lat' dir='ltr'>causam</span> <span class='ocrx_word' id='word_1_40' title='bbox 2358 747 2514 798; x_wconf 86' lang='lat' dir='ltr'>tene·</span> 
     </span>
     <span class='ocr_line' id='line_1_13' title="bbox 817 836 2517 910; baseline 0 -15"><span class='ocrx_word' id='word_1_41' title='bbox 817 838 1052 895; x_wconf 88' lang='lat' dir='ltr'>hrarum</span> <span class='ocrx_word' id='word_1_42' title='bbox 1093 838 1383 895; x_wconf 83' lang='lat' dir='ltr'>notionem</span> <span class='ocrx_word' id='word_1_43' title='bbox 1424 839 1723 909; x_wconf 77' lang='lat' dir='ltr'>anticipat,</span> <span class='ocrx_word' id='word_1_44' title='bbox 1779 848 1897 894; x_wconf 87' lang='lat' dir='ltr'>non</span> <span class='ocrx_word' id='word_1_45' title='bbox 1947 836 2179 895; x_wconf 84' lang='lat' dir='ltr'>aliunde</span> <span class='ocrx_word' id='word_1_46' title='bbox 2223 852 2417 910; x_wconf 86' lang='lat' dir='ltr'>quam·</span> <span class='ocrx_word' id='word_1_47' title='bbox 2443 852 2517 895; x_wconf 76' lang='lat' dir='ltr'>ex</span> 
     </span>
     <span class='ocr_line' id='line_1_14' title="bbox 815 928 2513 1007; baseline 0.002 -17"><span class='ocrx_word' id='word_1_48' title='bbox 815 934 946 993; x_wconf 84' lang='lat' dir='ltr'>luce</span> <span class='ocrx_word' id='word_1_49' title='bbox 985 936 1246 993; x_wconf 81' lang='lat' dir='ltr'>tenebras</span> <span class='ocrx_word' id='word_1_50' title='bbox 1273 938 1531 993; x_wconf 72' lang='lat' dir='ltr'>noscens</span> <span class='ocrx_word' id='word_1_51' title='bbox 1558 928 1810 1007; x_wconf 77' lang='lat' dir='ltr'>Seipsam</span> <span class='ocrx_word' id='word_1_52' title='bbox 1841 936 2016 1007; x_wconf 87' lang='lat' dir='ltr'>igitur</span> <span class='ocrx_word' id='word_1_53' title='bbox 2054 936 2249 993; x_wconf 85' lang='lat' dir='ltr'>divina</span> <span class='ocrx_word' id='word_1_54' title='bbox 2288 937 2513 1007; x_wconf 85' lang='lat' dir='ltr'>sapien-</span> 
     </span>
     <span class='ocr_line' id='line_1_15' title="bbox 817 1024 2511 1107; baseline 0.001 -17"><span class='ocrx_word' id='word_1_55' title='bbox 817 1028 894 1090; x_wconf 75' lang='lat' dir='ltr'>tia</span> <span class='ocrx_word' id='word_1_56' title='bbox 935 1048 1204 1105; x_wconf 87' lang='lat' dir='ltr'>noscens,</span> <span class='ocrx_word' id='word_1_57' title='bbox 1259 1034 1397 1091; x_wconf 86' lang='lat' dir='ltr'>sciet</span> <span class='ocrx_word' id='word_1_58' title='bbox 1422 1024 1427 1029; x_wconf 69' lang='grc'>’</span> <span class='ocrx_word' id='word_1_59' title='bbox 1450 1034 1642 1091; x_wconf 89' lang='lat' dir='ltr'>omnia</span> <span class='ocrx_word' id='word_1_60' title='bbox 1650 1052 1669 1106; x_wconf 77' lang='lat'><em>3</em></span> <span class='ocrx_word' id='word_1_61' title='bbox 1712 1034 2025 1091; x_wconf 87' lang='lat' dir='ltr'>materialia</span> <span class='ocrx_word' id='word_1_62' title='bbox 2076 1035 2199 1093; x_wconf 89' lang='lat' dir='ltr'>sine</span> <span class='ocrx_word' id='word_1_63' title='bbox 2238 1036 2511 1107; x_wconf 86' lang='lat' dir='ltr'>materia,</span> 
     </span>
     <span class='ocr_line' id='line_1_16' title="bbox 815 1123 2509 1205; baseline 0.001 -16"><span class='ocrx_word' id='word_1_64' title='bbox 815 1123 874 1189; x_wconf 62' lang='lat' dir='ltr'>et&#39;</span> <span class='ocrx_word' id='word_1_65' title='bbox 911 1133 1151 1191; x_wconf 87' lang='lat' dir='ltr'>indivise</span> <span class='ocrx_word' id='word_1_66' title='bbox 1192 1132 1515 1204; x_wconf 86' lang='lat' dir='ltr'>divisibilia,</span> <span class='ocrx_word' id='word_1_67' title='bbox 1546 1140 1600 1191; x_wconf 91' lang='lat' dir='ltr'>et</span> <span class='ocrx_word' id='word_1_68' title='bbox 1627 1134 1795 1190; x_wconf 91' lang='lat' dir='ltr'>unice</span> <span class='ocrx_word' id='word_1_69' title='bbox 1834 1134 2034 1204; x_wconf 89' lang='lat' dir='ltr'>multa,</span> <span class='ocrx_word' id='word_1_70' title='bbox 2078 1134 2197 1205; x_wconf 88' lang='lat' dir='ltr'>ipso</span> <span class='ocrx_word' id='word_1_71' title='bbox 2240 1148 2357 1190; x_wconf 92' lang='lat' dir='ltr'>uno</span> <span class='ocrx_word' id='word_1_72' title='bbox 2386 1146 2509 1191; x_wconf 93' lang='lat' dir='ltr'>om-</span> 
     </span>
     <span class='ocr_line' id='line_1_17' title="bbox 814 1234 2516 1305; baseline 0.001 -15"><span class='ocrx_word' id='word_1_73' title='bbox 814 1234 912 1290; x_wconf 87' lang='lat' dir='ltr'>nia</span> <span class='ocrx_word' id='word_1_74' title='bbox 953 1240 1007 1290; x_wconf 88' lang='lat' dir='ltr'>et</span> <span class='ocrx_word' id='word_1_75' title='bbox 1047 1248 1393 1305; x_wconf 85' lang='lat' dir='ltr'>cognoscens</span> <span class='ocrx_word' id='word_1_76' title='bbox 1434 1239 1489 1291; x_wconf 89' lang='lat' dir='ltr'>et</span> <span class='ocrx_word' id='word_1_77' title='bbox 1529 1234 1877 1305; x_wconf 85' lang='lat' dir='ltr'>producens:</span> <span class='ocrx_word' id='word_1_78' title='bbox 1922 1248 2058 1291; x_wconf 87' lang='lat' dir='ltr'>nam</span> <span class='ocrx_word' id='word_1_79' title='bbox 2097 1234 2145 1290; x_wconf 90' lang='lat' dir='ltr'>si</span> <span class='ocrx_word' id='word_1_80' title='bbox 2186 1234 2516 1291; x_wconf 85' lang='lat' dir='ltr'>secundum</span> 
     </span>
    </p>
   </div>
   <div class='ocr_carea' id='block_1_7' title="bbox 756 1333 2511 1403">
    <p class='ocr_par' dir='ltr' id='par_1_7' title="bbox 756 1333 2511 1403">
     <span class='ocr_line' id='line_1_18' title="bbox 756 1333 2511 1403; baseline 0 -14"><span class='ocrx_word' id='word_1_81' title='bbox 756 1361 760 1368; x_wconf 93' lang='lat'>·</span> <span class='ocrx_word' id='word_1_82' title='bbox 813 1346 990 1390; x_wconf 84' lang='lat' dir='ltr'>unam</span> <span class='ocrx_word' id='word_1_83' title='bbox 1033 1346 1265 1391; x_wconf 85' lang='lat' dir='ltr'>causam</span> <span class='ocrx_word' id='word_1_84' title='bbox 1316 1333 1471 1390; x_wconf 77' lang='lat' dir='ltr'>Deus</span> <span class='ocrx_word' id='word_1_85' title='bbox 1512 1333 1778 1391; x_wconf 74' lang='lat' dir='ltr'>omnibus</span> <span class='ocrx_word' id='word_1_86' title='bbox 1820 1346 1947 1389; x_wconf 82' lang='lat' dir='ltr'>esse</span> <span class='ocrx_word' id='word_1_87' title='bbox 1984 1333 2258 1403; x_wconf 88' lang='lat' dir='ltr'>impertit,</span> <span class='ocrx_word' id='word_1_88' title='bbox 2302 1348 2511 1391; x_wconf 86' lang='lat' dir='ltr'>secun·</span> 
     </span>
    </p>
   </div>
   <div class='ocr_carea' id='block_1_8' title="bbox 815 1430 2517 1997">
    <p class='ocr_par' dir='ltr' id='par_1_8' title="bbox 815 1430 2517 1997">
     <span class='ocr_line' id='line_1_19' title="bbox 815 1430 2513 1503; baseline 0.001 -15"><span class='ocrx_word' id='word_1_89' title='bbox 815 1432 956 1488; x_wconf 88' lang='lat' dir='ltr'>dum</span> <span class='ocrx_word' id='word_1_90' title='bbox 997 1432 1254 1503; x_wconf 75' lang='lat' dir='ltr'>eamdem</span> <span class='ocrx_word' id='word_1_91' title='bbox 1294 1431 1527 1489; x_wconf 84' lang='lat' dir='ltr'>unicam</span> <span class='ocrx_word' id='word_1_92' title='bbox 1553 1445 1785 1489; x_wconf 86' lang='lat' dir='ltr'>causa-m</span> <span class='ocrx_word' id='word_1_93' title='bbox 1814 1431 1951 1488; x_wconf 86' lang='lat' dir='ltr'>sciet</span> <span class='ocrx_word' id='word_1_94' title='bbox 1978 1430 2172 1488; x_wconf 67' lang='lat' dir='ltr'>onmia·⁴</span> <span class='ocrx_word' id='word_1_95' title='bbox 2210 1436 2513 1502; x_wconf 78' lang='lat' dir='ltr'>tamquam</span> 
     </span>
     <span class='ocr_line' id='line_1_20' title="bbox 815 1528 2517 1602; baseline 0 -15"><span class='ocrx_word' id='word_1_96' title='bbox 815 1544 889 1587; x_wconf 84' lang='lat' dir='ltr'>ex</span> <span class='ocrx_word' id='word_1_97' title='bbox 929 1543 990 1586; x_wconf 87' lang='lat' dir='ltr'>se</span> <span class='ocrx_word' id='word_1_98' title='bbox 1030 1528 1349 1599; x_wconf 83' lang='lat' dir='ltr'>existentia,</span> <span class='ocrx_word' id='word_1_99' title='bbox 1392 1536 1447 1587; x_wconf 89' lang='lat' dir='ltr'>et</span> <span class='ocrx_word' id='word_1_100' title='bbox 1488 1530 1548 1586; x_wconf 87' lang='lat' dir='ltr'>in</span> <span class='ocrx_word' id='word_1_101' title='bbox 1590 1530 1775 1601; x_wconf 89' lang='lat' dir='ltr'>seipso</span> <span class='ocrx_word' id='word_1_102' title='bbox 1816 1536 1947 1586; x_wconf 86' lang='lat' dir='ltr'>ante</span> <span class='ocrx_word' id='word_1_103' title='bbox 1987 1530 2426 1602; x_wconf 82' lang='lat' dir='ltr'>praeexistentia,</span> <span class='ocrx_word' id='word_1_104' title='bbox 2458 1538 2517 1587; x_wconf 88' lang='lat' dir='ltr'>et</span> 
     </span>
     <span class='ocr_line' id='line_1_21' title="bbox 816 1629 2515 1701; baseline 0.001 -16"><span class='ocrx_word' id='word_1_105' title='bbox 816 1640 933 1685; x_wconf 84' lang='lat' dir='ltr'>non</span> <span class='ocrx_word' id='word_1_106' title='bbox 977 1643 1048 1685; x_wconf 84' lang='lat' dir='ltr'>ex</span> <span class='ocrx_word' id='word_1_107' title='bbox 1089 1629 1260 1686; x_wconf 78' lang='lat' dir='ltr'>rebus</span> <span class='ocrx_word' id='word_1_108' title='bbox 1301 1641 1493 1685; x_wconf 85' lang='lat' dir='ltr'>rerum</span> <span class='ocrx_word' id='word_1_109' title='bbox 1524 1629 1759 1700; x_wconf 84' lang='lat' dir='ltr'>accipiet</span> <span class='ocrx_word' id='word_1_110' title='bbox 1786 1629 2105 1699; x_wconf 87' lang='lat' dir='ltr'>notionem,</span> <span class='ocrx_word' id='word_1_111' title='bbox 2149 1631 2247 1687; x_wconf 87' lang='lat' dir='ltr'>sed</span> <span class='ocrx_word' id='word_1_112' title='bbox 2290 1636 2343 1687; x_wconf 91' lang='lat' dir='ltr'>et</span> <span class='ocrx_word' id='word_1_113' title='bbox 2374 1630 2515 1701; x_wconf 85' lang='lat' dir='ltr'>ipsis</span> 
     </span>
     <span class='ocr_line' id='line_1_22' title="bbox 815 1727 2512 1801; baseline 0.002 -18"><span class='ocrx_word' id='word_1_114' title='bbox 815 1727 1058 1799; x_wconf 84' lang='lat' dir='ltr'>singulis</span> <span class='ocrx_word' id='word_1_115' title='bbox 1100 1727 1354 1799; x_wconf 84' lang='lat' dir='ltr'>ipsarum</span> <span class='ocrx_word' id='word_1_116' title='bbox 1382 1728 1625 1799; x_wconf 86' lang='lat' dir='ltr'>aliisque</span> <span class='ocrx_word' id='word_1_117' title='bbox 1652 1728 1891 1785; x_wconf 78' lang='lat' dir='ltr'>aliarum</span> <span class='ocrx_word' id='word_1_118' title='bbox 1931 1729 2189 1786; x_wconf 87' lang='lat' dir='ltr'>notitiam</span> <span class='ocrx_word' id='word_1_119' title='bbox 2218 1728 2512 1801; x_wconf 78' lang='lat' dir='ltr'>largietur.</span> 
     </span>
     <span class='ocr_line' id='line_1_23' title="bbox 815 1825 2515 1899; baseline 0.001 -16"><span class='ocrx_word' id='word_1_120' title='bbox 815 1826 942 1883; x_wconf 91' lang='lat' dir='ltr'>Non</span> <span class='ocrx_word' id='word_1_121' title='bbox 982 1825 1150 1883; x_wconf 88' lang='lat' dir='ltr'>habet</span> <span class='ocrx_word' id='word_1_122' title='bbox 1201 1827 1395 1898; x_wconf 81' lang='lat' dir='ltr'>itaque</span> <span class='ocrx_word' id='word_1_123' title='bbox 1447 1828 1603 1883; x_wconf 83' lang='lat' dir='ltr'>Deus</span> <span class='ocrx_word' id='word_1_124' title='bbox 1653 1826 1998 1897; x_wconf 76' lang='lat' dir='ltr'>peculiarem</span> <span class='ocrx_word' id='word_1_125' title='bbox 2048 1827 2339 1884; x_wconf 88' lang='lat' dir='ltr'>scientiam</span> <span class='ocrx_word' id='word_1_126' title='bbox 2384 1830 2515 1899; x_wconf 91' lang='lat' dir='ltr'>sui,</span> 
     </span>
     <span class='ocr_line' id='line_1_24' title="bbox 815 1925 2516 1997; baseline 0.001 -16"><span class='ocrx_word' id='word_1_127' title='bbox 815 1925 988 1981; x_wconf 83' lang='lat' dir='ltr'>aliam</span> <span class='ocrx_word' id='word_1_128' title='bbox 1045 1938 1176 1981; x_wconf 86' lang='lat' dir='ltr'>vero</span> <span class='ocrx_word' id='word_1_129' title='bbox 1229 1938 1593 1981; x_wconf 86' lang='lat' dir='ltr'>communem</span> <span class='ocrx_word' id='word_1_130' title='bbox 1634 1940 1724 1983; x_wconf 84' lang='lat' dir='ltr'>res</span> <span class='ocrx_word' id='word_1_131' title='bbox 1766 1939 1963 1983; x_wconf 81' lang='lat' dir='ltr'>omnes</span> <span class='ocrx_word' id='word_1_132' title='bbox 2013 1925 2516 1997; x_wconf 77' lang='lat' dir='ltr'>complectentem,</span> 
     </span>
    </p>
   </div>
   <div class='ocr_carea' id='block_1_9' title="bbox 725 2023 2517 2108">
    <p class='ocr_par' dir='ltr' id='par_1_9' title="bbox 725 2023 2517 2108">
     <span class='ocr_line' id='line_1_25' title="bbox 725 2023 2517 2108; baseline 0.002 -30"><span class='ocrx_word' id='word_1_133' title='bbox 725 2084 738 2108; x_wconf 30' lang='grc' dir='ltr'>ὁ</span> <span class='ocrx_word' id='word_1_134' title='bbox 815 2023 938 2093; x_wconf 89' lang='lat' dir='ltr'>ipsa</span> <span class='ocrx_word' id='word_1_135' title='bbox 977 2024 1130 2079; x_wconf 88' lang='lat' dir='ltr'>enim</span> <span class='ocrx_word' id='word_1_136' title='bbox 1172 2024 1431 2079; x_wconf 79' lang='lat' dir='ltr'>omnium</span> <span class='ocrx_word' id='word_1_137' title='bbox 1460 2035 1633 2079; x_wconf 87' lang='lat' dir='ltr'>causa</span> <span class='ocrx_word' id='word_1_138' title='bbox 1659 2023 1903 2094; x_wconf 82' lang='lat' dir='ltr'>seipsam</span> <span class='ocrx_word' id='word_1_139' title='bbox 1944 2038 2315 2096; x_wconf 70' lang='lat' dir='ltr'>cognoscem,</span> <span class='ocrx_word' id='word_1_140' title='bbox 2344 2025 2517 2082; x_wconf 88' lang='lat' dir='ltr'>nullo</span> 
     </span>
    </p>
   </div>
   <div class='ocr_carea' id='block_1_10' title="bbox 521 2331 773 2663">
    <p class='ocr_par' dir='ltr' id='par_1_10' title="bbox 521 2331 773 2663">
     <span class='ocr_line' id='line_1_26' title="bbox 537 2331 754 2391; baseline -0.009 -12"><span class='ocrx_word' id='word_1_141' title='bbox 537 2331 754 2391; x_wconf 61' lang='lat' dir='ltr'>Anyelot</span> 
     </span>
     <span class='ocr_line' id='line_1_27' title="bbox 544 2404 748 2449; baseline 0.005 -1"><span class='ocrx_word' id='word_1_142' title='bbox 544 2404 748 2449; x_wconf 71' lang='lat' dir='ltr'>sensilia</span> 
     </span>
     <span class='ocr_line' id='line_1_28' title="bbox 521 2474 773 2521; baseline 0 0"><span class='ocrx_word' id='word_1_143' title='bbox 521 2474 773 2521; x_wconf 75' lang='lat' dir='ltr'>intellecti-</span> 
     </span>
     <span class='ocr_line' id='line_1_29' title="bbox 590 2546 706 2591; baseline 0.009 -1"><span class='ocrx_word' id='word_1_144' title='bbox 590 2546 706 2591; x_wconf 79' lang='lat' dir='ltr'>liter</span> 
     </span>
     <span class='ocr_line' id='line_1_30' title="bbox 564 2629 726 2663; baseline 0.006 -2"><span class='ocrx_word' id='word_1_145' title='bbox 564 2629 726 2663; x_wconf 69' lang='lat' dir='ltr'>nosse.</span> 
     </span>
    </p>
   </div>
   <div class='ocr_carea' id='block_1_11' title="bbox 509 2899 784 3228">
    <p class='ocr_par' dir='ltr' id='par_1_11' title="bbox 509 2899 784 3228">
     <span class='ocr_line' id='line_1_31' title="bbox 576 2899 714 2944; baseline 0.007 -1"><span class='ocrx_word' id='word_1_146' title='bbox 576 2899 714 2944; x_wconf 75' lang='lat' dir='ltr'>Deus</span> 
     </span>
     <span class='ocr_line' id='line_1_32' title="bbox 509 2970 784 3016; baseline -0.004 0"><span class='ocrx_word' id='word_1_147' title='bbox 509 2976 562 3016; x_wconf 78' lang='lat' dir='ltr'>ut</span> <span class='ocrx_word' id='word_1_148' title='bbox 574 2970 626 3013; x_wconf 82' lang='lat' dir='ltr'>in</span> <span class='ocrx_word' id='word_1_149' title='bbox 639 2976 694 3015; x_wconf 71' lang='lat' dir='ltr'>se</span> <span class='ocrx_word' id='word_1_150' title='bbox 709 2977 784 3015; x_wconf 70' lang='lat' dir='ltr'>est</span> 
     </span>
     <span class='ocr_line' id='line_1_33' title="bbox 570 3041 712 3085; baseline -0.007 0"><span class='ocrx_word' id='word_1_151' title='bbox 570 3041 712 3085; x_wconf 71' lang='lat' dir='ltr'>nohis</span> 
     </span>
     <span class='ocr_line' id='line_1_34' title="bbox 539 3112 752 3169; baseline 0.005 -14"><span class='ocrx_word' id='word_1_152' title='bbox 539 3112 752 3169; x_wconf 71' lang='lat' dir='ltr'>incoqui·</span> 
     </span>
     <span class='ocr_line' id='line_1_35' title="bbox 584 3190 692 3228; baseline 0.019 -2"><span class='ocrx_word' id='word_1_153' title='bbox 584 3190 692 3228; x_wconf 46' lang='lat' dir='ltr'>”tu-5.</span> 
     </span>
    </p>
   </div>
   <div class='ocr_carea' id='block_1_12' title="bbox 814 2120 2518 2589">
    <p class='ocr_par' dir='ltr' id='par_1_12' title="bbox 814 2120 2518 2589">
     <span class='ocr_line' id='line_1_36' title="bbox 815 2120 2516 2195; baseline 0.003 -19"><span class='ocrx_word' id='word_1_154' title='bbox 815 2120 984 2177; x_wconf 87' lang='lat' dir='ltr'>modo</span> <span class='ocrx_word' id='word_1_155' title='bbox 1027 2134 1091 2177; x_wconf 86' lang='lat' dir='ltr'>ea</span> <span class='ocrx_word' id='word_1_156' title='bbox 1130 2134 1262 2190; x_wconf 85' lang='lat' dir='ltr'>quae</span> <span class='ocrx_word' id='word_1_157' title='bbox 1302 2122 1375 2178; x_wconf 86' lang='lat' dir='ltr'>ab</span> <span class='ocrx_word' id='word_1_158' title='bbox 1417 2122 1553 2191; x_wconf 83' lang='lat' dir='ltr'>ipsa,</span> <span class='ocrx_word' id='word_1_159' title='bbox 1598 2127 1653 2178; x_wconf 86' lang='lat' dir='ltr'>et</span> <span class='ocrx_word' id='word_1_160' title='bbox 1694 2135 1941 2191; x_wconf 85' lang='lat' dir='ltr'>quo-rum</span> <span class='ocrx_word' id='word_1_161' title='bbox 1984 2136 2155 2184; x_wconf 85' lang='lat' dir='ltr'>causa</span> <span class='ocrx_word' id='word_1_162' title='bbox 2195 2129 2303 2194; x_wconf 86' lang='lat' dir='ltr'>est,</span> <span class='ocrx_word' id='word_1_163' title='bbox 2346 2122 2516 2195; x_wconf 88' lang='lat' dir='ltr'>igno-</span> 
     </span>
     <span class='ocr_line' id='line_1_37' title="bbox 814 2206 2517 2291; baseline 0.003 -18"><span class='ocrx_word' id='word_1_164' title='bbox 814 2218 978 2274; x_wconf 76' lang='lat' dir='ltr'>rabit.</span> <span class='ocrx_word' id='word_1_165' title='bbox 1023 2218 1138 2274; x_wconf 82' lang='lat' dir='ltr'>Hac</span> <span class='ocrx_word' id='word_1_166' title='bbox 1179 2206 1360 2289; x_wconf 84' lang='lat' dir='ltr'>igitur.</span> <span class='ocrx_word' id='word_1_167' title='bbox 1393 2220 1547 2276; x_wconf 88' lang='lat' dir='ltr'>Deus</span> <span class='ocrx_word' id='word_1_168' title='bbox 1589 2235 1679 2277; x_wconf 89' lang='lat' dir='ltr'>res</span> <span class='ocrx_word' id='word_1_169' title='bbox 1720 2233 2083 2291; x_wconf 77' lang='lat' dir='ltr'>cognosccnS,</span> <span class='ocrx_word' id='word_1_170' title='bbox 2126 2234 2243 2277; x_wconf 87' lang='lat' dir='ltr'>non</span> <span class='ocrx_word' id='word_1_171' title='bbox 2272 2221 2517 2278; x_wconf 75' lang='lat' dir='ltr'>scientia</span> 
     </span>
     <span class='ocr_line' id='line_1_38' title="bbox 814 2317 2517 2389; baseline 0 -14"><span class='ocrx_word' id='word_1_172' title='bbox 814 2330 1028 2388; x_wconf 86' lang='lat' dir='ltr'>rerum,</span> <span class='ocrx_word' id='word_1_173' title='bbox 1057 2318 1157 2374; x_wconf 87' lang='lat' dir='ltr'>sed</span> <span class='ocrx_word' id='word_1_174' title='bbox 1184 2317 1419 2375; x_wconf 86' lang='lat' dir='ltr'>scientia</span> <span class='ocrx_word' id='word_1_175' title='bbox 1446 2317 1718 2389; x_wconf 84' lang='lat' dir='ltr'>suiipsius</span> <span class='ocrx_word' id='word_1_176' title='bbox 1748 2318 1899 2389; x_wconf 86' lang='lat' dir='ltr'>ipsas</span> <span class='ocrx_word' id='word_1_177' title='bbox 1934 2317 2121 2374; x_wconf 83' lang='lat' dir='ltr'>novit:</span> <span class='ocrx_word' id='word_1_178' title='bbox 2140 2318 2366 2382; x_wconf 68' lang='lat' dir='ltr'>,etenim</span> <span class='ocrx_word' id='word_1_179' title='bbox 2389 2317 2517 2375; x_wconf 85' lang='lat' dir='ltr'>An-</span> 
     </span>
     <span class='ocr_line' id='line_1_39' title="bbox 815 2416 2516 2490; baseline 0.001 -17"><span class='ocrx_word' id='word_1_180' title='bbox 815 2416 970 2489; x_wconf 85' lang='lat' dir='ltr'>gelos</span> <span class='ocrx_word' id='word_1_181' title='bbox 1025 2431 1255 2489; x_wconf 86' lang='lat' dir='ltr'>quoque</span> <span class='ocrx_word' id='word_1_182' title='bbox 1311 2416 1603 2490; x_wconf 86' lang='lat' dir='ltr'>Scriptura</span> <span class='ocrx_word' id='word_1_183' title='bbox 1654 2424 1895 2474; x_wconf 88' lang='lat' dir='ltr'>testatur</span> <span class='ocrx_word' id='word_1_184' title='bbox 1946 2431 2014 2473; x_wconf 83' lang='lat' dir='ltr'>ea</span> <span class='ocrx_word' id='word_1_185' title='bbox 2067 2418 2211 2475; x_wconf 85' lang='lat' dir='ltr'>scire</span> <span class='ocrx_word' id='word_1_186' title='bbox 2264 2432 2401 2488; x_wconf 84' lang='lat' dir='ltr'>quae</span> <span class='ocrx_word' id='word_1_187' title='bbox 2452 2418 2516 2475; x_wconf 85' lang='lat' dir='ltr'>in</span> 
     </span>
     <span class='ocr_line' id='line_1_40' title="bbox 815 2515 2518 2589; baseline 0 -16"><span class='ocrx_word' id='word_1_188' title='bbox 815 2523 965 2573; x_wconf 86' lang='lat' dir='ltr'>terra</span> <span class='ocrx_word' id='word_1_189' title='bbox 1004 2523 1164 2589; x_wconf 88' lang='lat' dir='ltr'>sunt,</span> <span class='ocrx_word' id='word_1_190' title='bbox 1207 2530 1324 2573; x_wconf 90' lang='lat' dir='ltr'>non</span> <span class='ocrx_word' id='word_1_191' title='bbox 1366 2517 1683 2573; x_wconf 87' lang='lat' dir='ltr'>secundum</span> <span class='ocrx_word' id='word_1_192' title='bbox 1724 2516 1927 2573; x_wconf 78' lang='lat' dir='ltr'>sensus</span> <span class='ocrx_word' id='word_1_193' title='bbox 1968 2515 2067 2572; x_wconf 82' lang='lat' dir='ltr'>illa</span> <span class='ocrx_word' id='word_1_194' title='bbox 2108 2522 2518 2588; x_wconf 78' lang='lat' dir='ltr'>cognoscentes</span> 
     </span>
    </p>
   </div>
   <div class='ocr_carea' id='block_1_13' title="bbox 775 2614 2507 2687">
    <p class='ocr_par' dir='ltr' id='par_1_13' title="bbox 775 2614 2507 2687">
     <span class='ocr_line' id='line_1_41' title="bbox 775 2614 2507 2687; baseline 0.001 -16"><span class='ocrx_word' id='word_1_195' title='bbox 775 2632 780 2641; x_wconf 90' lang='lat'><em>·</em></span> <span class='ocrx_word' id='word_1_196' title='bbox 813 2630 943 2687; x_wconf 84' lang='lat' dir='ltr'>quae</span> <span class='ocrx_word' id='word_1_197' title='bbox 982 2615 1272 2673; x_wconf 83' lang='lat' dir='ltr'>sensibilia</span> <span class='ocrx_word' id='word_1_198' title='bbox 1309 2622 1465 2687; x_wconf 89' lang='lat' dir='ltr'>sunt,</span> <span class='ocrx_word' id='word_1_199' title='bbox 1508 2614 1607 2672; x_wconf 79' lang='lat' dir='ltr'>scd</span> <span class='ocrx_word' id='word_1_200' title='bbox 1648 2615 1965 2673; x_wconf 81' lang='lat' dir='ltr'>secundum·</span> <span class='ocrx_word' id='word_1_201' title='bbox 2004 2615 2274 2672; x_wconf 82' lang='lat' dir='ltr'>virtutem</span> <span class='ocrx_word' id='word_1_202' title='bbox 2302 2628 2369 2672; x_wconf 86' lang='lat' dir='ltr'>ac</span> <span class='ocrx_word' id='word_1_203' title='bbox 2400 2629 2507 2672; x_wconf 82' lang='lat' dir='ltr'>na-</span> 
     </span>
    </p>
   </div>
   <div class='ocr_carea' id='block_1_14' title="bbox 810 2712 2511 3278">
    <p class='ocr_par' dir='ltr' id='par_1_14' title="bbox 813 2712 2114 2798">
     <span class='ocr_line' id='line_1_42' title="bbox 813 2712 2114 2798; baseline 0 -29"><span class='ocrx_word' id='word_1_204' title='bbox 813 2718 1002 2771; x_wconf 87' lang='lat' dir='ltr'>turam</span> <span class='ocrx_word' id='word_1_205' title='bbox 1042 2713 1250 2771; x_wconf 89' lang='lat' dir='ltr'>mentis</span> <span class='ocrx_word' id='word_1_206' title='bbox 1289 2712 1597 2771; x_wconf 70' lang='lat' dir='ltr'>deiformis</span> <span class='ocrx_word' id='word_1_207' title='bbox 2107 2789 2114 2798; x_wconf 32' lang='grc'>,</span> 
     </span>
    </p>

    <p class='ocr_par' dir='ltr' id='par_1_15' title="bbox 810 2810 2511 3278">
     <span class='ocr_line' id='line_1_43' title="bbox 890 2810 2509 2882; baseline 0.001 -15"><span class='ocrx_word' id='word_1_208' title='bbox 890 2812 1170 2869; x_wconf 86' lang='lat' dir='ltr'>Praeterea</span> <span class='ocrx_word' id='word_1_209' title='bbox 1210 2812 1587 2882; x_wconf 86' lang='lat' dir='ltr'>quaerendum</span> <span class='ocrx_word' id='word_1_210' title='bbox 1614 2817 1727 2881; x_wconf 78' lang='lat' dir='ltr'>est,</span> <span class='ocrx_word' id='word_1_211' title='bbox 1754 2810 2041 2881; x_wconf 81' lang='lat' dir='ltr'>quomodo</span> <span class='ocrx_word' id='word_1_212' title='bbox 2066 2826 2171 2867; x_wconf 91' lang='lat' dir='ltr'>nos</span> <span class='ocrx_word' id='word_1_213' title='bbox 2198 2812 2382 2868; x_wconf 89' lang='lat' dir='ltr'>Deum</span> <span class='ocrx_word' id='word_1_214' title='bbox 2412 2827 2509 2868; x_wconf 89' lang='lat' dir='ltr'>co-</span> 
     </span>
     <span class='ocr_line' id='line_1_44' title="bbox 813 2908 2511 2980; baseline 0.001 -17"><span class='ocrx_word' id='word_1_215' title='bbox 813 2922 1171 2980; x_wconf 82' lang='lat' dir='ltr'>gnoscamuS,</span> <span class='ocrx_word' id='word_1_216' title='bbox 1195 2908 1295 2979; x_wconf 87' lang='lat' dir='ltr'>qui</span> <span class='ocrx_word' id='word_1_217' title='bbox 1315 2920 1505 2977; x_wconf 81' lang='lat' dir='ltr'>neque</span> <span class='ocrx_word' id='word_1_218' title='bbox 1532 2922 1713 2965; x_wconf 20' lang='lat' dir='ltr'>sensu,</span> <span class='ocrx_word' id='word_1_219' title='bbox 1726 2910 2033 2980; x_wconf 85' lang='lat' dir='ltr'>percipitur</span> <span class='ocrx_word' id='word_1_220' title='bbox 2055 2923 2159 2965; x_wconf 90' lang='lat' dir='ltr'>nec</span> <span class='ocrx_word' id='word_1_221' title='bbox 2182 2908 2511 2980; x_wconf 69' lang='lat' dir='ltr'>intelligen-</span> 
     </span>
     <span class='ocr_line' id='line_1_45' title="bbox 813 3008 2507 3080; baseline 0.001 -17"><span class='ocrx_word' id='word_1_222' title='bbox 813 3009 908 3079; x_wconf 85' lang='lat' dir='ltr'>tia,</span> <span class='ocrx_word' id='word_1_223' title='bbox 937 3014 992 3065; x_wconf 90' lang='lat' dir='ltr'>et</span> <span class='ocrx_word' id='word_1_224' title='bbox 1019 3008 1162 3065; x_wconf 77' lang='lat' dir='ltr'>nihii</span> <span class='ocrx_word' id='word_1_225' title='bbox 1201 3008 1441 3065; x_wconf 80' lang='lat' dir='ltr'>omnino</span> <span class='ocrx_word' id='word_1_226' title='bbox 1465 3013 1649 3065; x_wconf 81' lang='lat' dir='ltr'>estex</span> <span class='ocrx_word' id='word_1_227' title='bbox 1679 3008 1747 3066; x_wconf 82' lang='lat' dir='ltr'>iis</span> <span class='ocrx_word' id='word_1_228' title='bbox 1776 3024 1905 3080; x_wconf 81' lang='lat' dir='ltr'>quae</span> <span class='ocrx_word' id='word_1_229' title='bbox 1946 3015 2096 3066; x_wconf 89' lang='lat' dir='ltr'>sunt.</span> <span class='ocrx_word' id='word_1_230' title='bbox 2130 3009 2219 3067; x_wconf 90' lang='lat' dir='ltr'>An</span> <span class='ocrx_word' id='word_1_231' title='bbox 2248 3024 2369 3065; x_wconf 87' lang='lat' dir='ltr'>non</span> <span class='ocrx_word' id='word_1_232' title='bbox 2408 3018 2507 3079; x_wconf 88' lang='lat' dir='ltr'>po·</span> 
     </span>
     <span class='ocr_line' id='line_1_46' title="bbox 812 3106 2508 3179; baseline 0.001 -16"><span class='ocrx_word' id='word_1_233' title='bbox 812 3106 926 3163; x_wconf 89' lang='lat' dir='ltr'>tius</span> <span class='ocrx_word' id='word_1_234' title='bbox 965 3120 1098 3163; x_wconf 85' lang='lat' dir='ltr'>vere</span> <span class='ocrx_word' id='word_1_235' title='bbox 1138 3106 1378 3179; x_wconf 83' lang='lat' dir='ltr'>dicatur,</span> <span class='ocrx_word' id='word_1_236' title='bbox 1414 3108 1569 3179; x_wconf 79' lang='lat' dir='ltr'>quod</span> <span class='ocrx_word' id='word_1_237' title='bbox 1608 3107 1793 3165; x_wconf 84' lang='lat' dir='ltr'>Deum</span> <span class='ocrx_word' id='word_1_238' title='bbox 1834 3122 1951 3165; x_wconf 87' lang='lat' dir='ltr'>non</span> <span class='ocrx_word' id='word_1_239' title='bbox 1992 3108 2391 3179; x_wconf 81' lang='lat' dir='ltr'>cognoscimus</span> <span class='ocrx_word' id='word_1_240' title='bbox 2432 3122 2508 3164; x_wconf 83' lang='lat' dir='ltr'>ex</span> 
     </span>
     <span class='ocr_line' id='line_1_47' title="bbox 810 3202 2509 3278; baseline 0 -17"><span class='ocrx_word' id='word_1_241' title='bbox 810 3212 1016 3262; x_wconf 86' lang='lat' dir='ltr'>natura</span> <span class='ocrx_word' id='word_1_242' title='bbox 1057 3205 1181 3277; x_wconf 83' lang='lat' dir='ltr'>ejus</span> <span class='ocrx_word' id='word_1_243' title='bbox 1225 3202 1326 3278; x_wconf 83' lang='lat' dir='ltr'>(id</span> <span class='ocrx_word' id='word_1_244' title='bbox 1367 3206 1519 3263; x_wconf 85' lang='lat' dir='ltr'>enim</span> <span class='ocrx_word' id='word_1_245' title='bbox 1562 3206 1718 3277; x_wconf 76' lang='lat' dir='ltr'>quod</span> <span class='ocrx_word' id='word_1_246' title='bbox 1745 3212 1951 3263; x_wconf 79' lang='lat' dir='ltr'>natura</span> <span class='ocrx_word' id='word_1_247' title='bbox 1968 3205 2108 3277; x_wconf 81' lang='lat' dir='ltr'>-ejns</span> <span class='ocrx_word' id='word_1_248' title='bbox 2133 3212 2217 3262; x_wconf 88' lang='lat' dir='ltr'>est</span> <span class='ocrx_word' id='word_1_249' title='bbox 2246 3204 2509 3277; x_wconf 84' lang='lat' dir='ltr'>incogni-</span> 
     </span>
    </p>
   </div>
   <div class='ocr_carea' id='block_1_15' title="bbox 727 3303 2499 3377">
    <p class='ocr_par' dir='ltr' id='par_1_16' title="bbox 727 3303 2499 3377">
     <span class='ocr_line' id='line_1_48' title="bbox 727 3303 2499 3377; baseline 0 -18"><span class='ocrx_word' id='word_1_250' title='bbox 727 3323 730 3327; x_wconf 93' lang='lat'>·</span> <span class='ocrx_word' id='word_1_251' title='bbox 811 3310 934 3359; x_wconf 85' lang='lat' dir='ltr'>tum</span> <span class='ocrx_word' id='word_1_252' title='bbox 975 3310 1094 3375; x_wconf 76' lang='lat' dir='ltr'>est,</span> <span class='ocrx_word' id='word_1_253' title='bbox 1137 3310 1192 3361; x_wconf 92' lang='lat' dir='ltr'>et</span> <span class='ocrx_word' id='word_1_254' title='bbox 1232 3318 1461 3361; x_wconf 88' lang='lat' dir='ltr'>omnem</span> <span class='ocrx_word' id='word_1_255' title='bbox 1503 3305 1779 3361; x_wconf 87' lang='lat' dir='ltr'>rationem</span> <span class='ocrx_word' id='word_1_256' title='bbox 1820 3318 1885 3360; x_wconf 91' lang='lat' dir='ltr'>ac</span> <span class='ocrx_word' id='word_1_257' title='bbox 1926 3310 2177 3360; x_wconf 87' lang='lat' dir='ltr'>mentem</span> <span class='ocrx_word' id='word_1_258' title='bbox 2220 3303 2499 3377; x_wconf 85' lang='lat' dir='ltr'>superat)</span> 
     </span>
    </p>
   </div>
   <div class='ocr_carea' id='block_1_16' title="bbox 811 3400 2510 3475">
    <p class='ocr_par' dir='ltr' id='par_1_17' title="bbox 811 3400 2510 3475">
     <span class='ocr_line' id='line_1_49' title="bbox 811 3400 2510 3475; baseline 0 -17"><span class='ocrx_word' id='word_1_259' title='bbox 811 3402 909 3458; x_wconf 86' lang='lat' dir='ltr'>scd</span> <span class='ocrx_word' id='word_1_260' title='bbox 964 3417 1035 3459; x_wconf 82' lang='lat' dir='ltr'>ex</span> <span class='ocrx_word' id='word_1_261' title='bbox 1089 3400 1288 3460; x_wconf 84' lang='lat' dir='ltr'>ordine</span> <span class='ocrx_word' id='word_1_262' title='bbox 1337 3403 1594 3467; x_wconf 89' lang='lat' dir='ltr'>omnium</span> <span class='ocrx_word' id='word_1_263' title='bbox 1650 3416 1871 3473; x_wconf 87' lang='lat' dir='ltr'>rerum,</span> <span class='ocrx_word' id='word_1_264' title='bbox 1904 3408 2227 3475; x_wconf 84' lang='lat' dir='ltr'>-tamquam</span> <span class='ocrx_word' id='word_1_265' title='bbox 2268 3402 2341 3460; x_wconf 84' lang='lat' dir='ltr'>ab</span> <span class='ocrx_word' id='word_1_266' title='bbox 2382 3402 2510 3475; x_wconf 87' lang='lat' dir='ltr'>ipso</span> 
     </span>
    </p>
   </div>
   <div class='ocr_carea' id='block_1_17' title="bbox 2653 678 2654 1255">
    <p class='ocr_par' dir='ltr' id='par_1_18' title="bbox 2653 678 2654 1255">
     <span class='ocr_line' id='line_1_50' title="bbox 2653 678 2654 1255; baseline 0 0"><span class='ocrx_word' id='word_1_267' title='bbox 2653 678 2654 1255; x_wconf 95' lang='lat' dir='ltr'> </span> 
     </span>
    </p>
   </div>
  </div>
 </body>
</html>
