2667 4259
473 436 519 489 ς.
560 435 608 480 2.

433 505 570 550 Rom.
597 504 646 550 2.

499 574 585 620 23.

419 643 660 702 Proponit

711 307 830 364 286
1186 322 1232 364 s.
1275 321 1521 366 mosrsu
1566 321 1942 366 ‚snserit-ons

793 424 943 490 Quid
985 424 1178 496 igitur,
1221 424 1447 494 inquis,
1490 437 1609 480 non
1650 429 1871 493 oportet
1914 423 2245 480 Sacerdotes
2263 466 2279 493 ‚
2324 384 2447 494 qui·

713 521 804 577 vel
833 522 1006 592 impie
1031 522 1122 578 vel
1149 535 1449 592 perperam
1476 521 1697 591 aliquid
1726 523 1909 578 facere
1938 521 2277 591 deprehensi
2308 523 2439 580 fue-

713 620 847 690 rint,
878 620 1103 692 corrigi,
1145 618 1401 689 solisque
1440 619 1633 676 licebit
1675 618 2055 690 gloriantibus
2086 619 2145 674 in
2174 619 2301 690 lege
2326 635 2439 690 per

403 714 687 773 Demophili
715 716 1245 786 praevaricationem
1287 715 1431 788 legis
1471 717 1657 772 Deum
1686 715 2075 772 inhonorare?
2102 722 2159 772 et
2188 730 2434 785 quomo-

479 785 611 842 obJ'e-

427 855 658 908 ctionem,

439 936 646 982 eamque

473 993 624 1040 elidit.

411 1125 516 1172 Aet.
535 1127 622 1172 1⁹.
637 1127 685 1171 2.

478 1991 598 2040 Quis

465 2061 618 2118 dique

423 2129 675 2175 Sacerdos.

715 814 790 872 do
818 814 1150 872 Sacerdotes
1191 815 1294 871 Dei
1337 821 1475 870 sunt
1517 813 1895 884 interpretes?
1924 827 2043 883 quo
2070 814 2223 870 enim
2266 821 2437 884 pacto

717 911 940 968 divinas
990 912 1202 982 populo
1255 913 1499 970 virtutes
1538 913 1867 981 enuntiant,
1924 927 2059 968 cum
2114 913 2435 969 earundem

718 1011 833 1065 vim
875 1010 1183 1081 ignorent?
1225 1011 1314 1067 vel
1357 1011 1651 1080 quomodo
1692 1009 2109 1067 illuminabunt
2150 1011 2253 1081 qui
2294 1018 2437 1067 sunt

717 1107 1113 1164 obtenebrati?
1153 1121 1343 1177 quave
1372 1107 1593 1166 ratione
1620 1107 1885 1165 divinum
1914 1107 2193 1178 Spiritum
2220 1109 2433 1178 imper-

715 1205 958 1274 tientur,
1001 1205 1103 1275 qui
1145 1219 1337 1276 neque
1376 1205 1588 1262 affeetu
1628 1219 1819 1275 neque
1872 1204 2109 1262 veritate
2152 1205 2435 1275 Spiritum

715 1308 982 1359 sanctum
1024 1301 1431 1360 crediderunt?
1468 1302 1559 1359 Ad
1596 1302 1724 1358 haec
1764 1301 1867 1358 tibi
1892 1301 2017 1371 ipse
2044 1303 2431 1372 respondebo:

715 1413 908 1470 neque
947 1374 1102 1458 enim
1145 1401 1414 1457 inimicus
1454 1398 1829 1470 Demophilus
1870 1407 1973 1468 est,
2015 1407 2207 1470 neque
2247 1402 2437 1471 patiar

716 1501 774 1553 te
794 1509 828 1552 a
857 1503 1060 1552 satana
1088 1498 1507 1554 circumveniri.
1539 1496 1767 1552 Etenim
1796 1494 2039 1566 quilibet
2066 1495 2219 1552 circa
2242 1497 2435 1554 Deum

719 1594 1074 1650 versantium
1115 1596 1274 1665 ordo,
1319 1594 1651 1651 deiformior
1684 1598 1771 1649 est
1796 1607 1863 1650 eo
1884 1593 1987 1662 qui
2014 1594 2199 1664 magis
2226 1595 2401 1651 distat
2414 1613 2434 1666 3

717 1705 825 1748 nec
865 1703 984 1749 non
1025 1692 1306 1754 lucidiora
1346 1691 1523 1748 simul
1562 1697 1701 1748 sunt
1740 1703 1807 1746 ac
1840 1688 2260 1760 «luculentiora,
2300 1705 2437 1762 quae

717 1803 868 1848 verae
896 1790 1014 1846 luci
1041 1791 1226 1862 magis
1253 1790 1735 1861 appropinquant.
1765 1787 1953 1845 Nolim
1982 1795 2175 1846 autem
2204 1803 2277 1844 ex
2306 1789 2435 1846 loco

717 1901 914 1944 sumas
955 1887 1471 1958 propinquitatem,
1514 1887 1614 1944 sed
1656 1901 1731 1944 ex
1764 1885 2081 1956 capacitate
2120 1887 2433 1955 recipiendi

717 1987 920 2044 Deum.
967 1977 1134 2052 Quod
1175 1987 1223 2042 si
1267 1987 1461 2056 itaque
1505 1985 1878 2042 sacerdotum
1917 1984 2060 2040 ordo
2103 1983 2432 2040 illustrandi

717 2081 835 2138 rim
877 2081 1064 2151 hahet,
1107 2084 1359 2151 profecto
1402 2082 1633 2152 penitus
1674 2082 1943 2140 abhorret
1978 2095 2015 2136 a
2059 2081 2433 2138 sacerdotum

717 2179 920 2235 ordine
969 2193 1036 2236 ac
1090 2179 1384 2251 facultate,
1450 2180 1715 2250 quisquis
1770 2181 2099 2237 iilustrandi
2140 2181 2196 2236 vi
2239 2187 2431 2251 caret3

595 2346 608 2356 Δ
718 2276 1019 2347 multoque
1059 2278 1240 2348 magis
1281 2279 1330 2334 is
1374 2279 1478 2349 qui
1526 2281 1775 2336 necdum
1830 2279 2151 2337 illustratus
2203 2286 2306 2336 est.
2350 2279 2436 2336 Ac

427 3078 588 3126 unuh.
620 3077 645 3122 7
654 3110 667 3123 .

717 2376 860 2434 mihi
901 2375 1137 2446 quidem
1189 2377 1365 2434 nimis
1419 2379 1758 2434 temerarius
1800 2378 2028 2434 videtur
2067 2378 2434 2450 hujusmodi,

718 2473 1180 2530 si-sacerdotalia
1217 2475 1327 2531 sihi
1368 2473 1647 2546 vindicet,
1690 2475 1880 2545 neque
1920 2481 2081 2532 metu
2107 2488 2299 2545 neque
2326 2489 2436 2545 pu-

718 2574 858 2628 dore
895 2583 930 2628 a
969 2572 1192 2629 divinis·
1231 2586 1409 2642 supra
1445 2573 1783 2644 dignitatem
1822 2587 1993 2630 suam
2034 2573 2437 2631 consectandis

717 2676 1000 2741 arceatur,
1028 2675 1304 2740 putetque
1346 2685 1413 2728 ea
1454 2671 1630 2728 latere
1654 2672 1860 2743 Deum,
1892 2685 2143 2742 quorum
2172 2672 2281 2730 sihi
2312 2674 2437 2742 ipse

719 2767 984 2825 conscius
1001 2768 1110 2838 sit,
1142 2773 1285 2824 etse
1311 2769 1497 2826 Deum
1525 2768 1723 2826 fallere
1752 2770 2055 2840 existimet,
2086 2784 2262 2840 quem
2290 2769 2436 2827 falso

719 2865 954 2940 nomine
993 2865 1240 2937 apponat
1279 2867 1527 2938 Patrem,
1556 2867 1847 2938 audetque
1874 2865 2141 2923 scelestas
2169 2866 2436 2938 blasphe-

671 2979 678 2986 ·
719 2963 866 3020 mias
919 2977 1054 3021 suas
1114 2961 1347 3035 (neq-ue
1388 2963 1542 3020 enim
1585 2977 1783 3033 preces
1832 2962 2121 3036 dixerim)
2170 2963 2234 3018 in
2290 2963 2436 3020 divi—

705 3061 812 3116 'nis
859 3062 1148 3131 mysteriis
1187 3061 1659 3118 Christitormiter
1712 3061 2102 3131 pronuntiare.
2158 3061 2287 3117 Non
2348 3067 2437 3118 est

720 3158 826 3214 iste
869 3157 1172 3229 SacerduS,
1213 3173 1334 3216 non
1376 3165 1492 3231 est,
1548 3158 1647 3216 sed
1696 3158 1995 3229 inimicus,
2044 3158 2315 3231 dolosus,
2365 3159 2436 3215 il-

721 3255 884 3314 lusor
933 3258 1056 3328 sui,
1118 3263 1174 3313 et
1210 3256 1391 3328 iupus
1444 3257 1505 3316 in
1559 3245 1926 3317 Dominicum
1982 3270 2215 3328 gregem
2258 3257 2435 3314 ovina

631 3385 634 3388 ·
723 3355 872 3426 pelle
919 3360 1192 3411 armatus.
