2667 4259
33 3432 40 3561 1,

37 3566 42 3635 i

41 3706 46 3767 i

441 281 511 323 nn
540 278 751 322 nimus
772 280 1077 325 Nomnmus
1103 298 1178 311 —
1212 281 1392 327 cArm·
1423 284 1497 326 ιν.
1702 270 1812 327 195

100 389 345 454 natura,
388 388 587 454 estque
628 384 865 456 aliquid,
907 390 961 443 et
994 385 1306 455 opponitur
1339 392 1511 456 atque
1552 386 1813 443 adversa-

102 489 215 538 tur
256 483 404 539 bono
445 482 680 539 maium.
723 485 793 540 Et
834 490 953 540 esto
990 485 1279 554 corruptio
1320 484 1395 540 sit
1433 497 1657 555 rerum,
1699 500 1815 543 non

102 588 309 639 tamen
352 580 459 638 hoo
498 582 725 651 penitus
762 582 1107 639 ⁴exterminat
1148 584 1365 639 malum
1407 599 1440 640 e
1479 596 1674 639 rerum
1717 598 1816 639 na-

104 690 267 753 tura,
312 683 411 739 sed
452 682 559 739 erit
594 681 745 740 illud
786 683 955 740 etiam
996 682 1231 754 aliquid,
1264 690 1318 740 et
1345 684 1417 741 ad
1446 698 1642 740 rerum
1683 698 1818 741 eon·

106 782 261 837 feret
303 782 739 851 generationem.
797 781 888 839 An
942 796 1060 839 non
1116 782 1448 853 frequenter
1487 782 1662 839 unius
1705 792 1824 838 cor-·

108 880 311 949 ruptio
338 878 571 937 alterius
599 888 683 937 est
712 880 1036 952 generatio?
1062 882 1239 953 Atqui
1268 880 1485 939 malum
1510 882 1622 939 hoe
1649 882 1820 938 modo

110 978 192 1033 ad
240 978 494 1035 universi
536 978 949 1051 plenitudinem
978 980 1281 1052 oondueet,
1312 996 1380 1037 ae
1407 994 1508 1051 per
1533 994 1596 1037 se
1637 980 1821 1049 faciet,

112 1081 183 1132 ut
228 1090 421 1133 rerum
465 1076 804 1135 universitas
842 1094 961 1136 non
1002 1080 1075 1136 s'it
1115 1078 1456 1151 imperfecta.

204 1175 295 1235 Ad
330 1176 457 1234 'haeo
486 1185 682 1235 autem
710 1194 844 1237 vera
872 1180 1015 1237 ratio
1041 1180 1429 1250 respondebit,
1459 1179 1679 1237 malum
1708 1178 1825 1250 qua
1904 1174 1951 1229 S·
1990 1172 2076 1217 ²⁰-

115 1274 346 1332 malum
387 1277 537 1333 nihil·
574 1278 830 1334 conferre
870 1277 941 1334 ad
983 1278 1283 1334 essentiam
1339 1273 1438 1335 au't
1493 1292 1688 1334 rerum
1727 1259 1824 1349 fge-
1901 1241 2087 1372 ’[ζὲῖή

117 1375 514 1445 nerationem,
557 1377 687 1443 sed,
732 1375 1014 1445 quantum
1044 1376 1103 1431 in
1133 1375 1253 1447 ipso
1296 1382 1410 1447 est,
1453 1390 1648 1432 rerum
1690 1377 1824 1432 sub·
1856 1384 2042 1430 matum
2071 1384 2135 1427 aa

118 1474 396 1563 stantiam
424 1475 651 1529 tantum
679 1474 987 1544 depravare
1013 1481 1185 1545 atque
1210 1474 1454 1531 abolere.
1479 1473 1539 1530 Si
1567 1474 1698 1543 quis
1727 1488 1826 1530 au·
1857 1455 1979 1503 '²⁰³³‘
2017 1454 2136 1500 “⁶¹⁶

120 1581 249 1629 tem
292 1573 531 1643 dixerit,
572 1574 680 1630 hoo
720 1571 841 1645 ipso
882 1588 1087 1631 rerum*
1106 1574 1456 1646 generationi
1485 1574 1828 1643 subservire,
1929 1540 2050 1573 ‘m'

117 1674 274 1730 dum
315 1672 551 1729 alterius
592 1673 953 1743 corruptione
1002 1678 1228 1751 praestat
1268 1672 1431 1729 alteri
1473 1671 1829 1744 genituram3

120 1770 857 1843 respondendumutique,
900 1786 1017 1828 non
1053 1778 1335 1841 quatenus
1365 1770 1677 1841 corrumpit
1703 1784 1830 1841 per-

126 1874 305 1929 ficere
345 1872 799 1943 generationem,
844 1872 980 1943 quia
1032 1878 1315 1942 quatenus
1350 1870 1671 1941 ·eor1·umpit
1713 1884 1832 1925 ma-

130 1971 257 2027 lum
300 1975 414 2040 est,
457 1984 592 2026 nam
647 1976 710 2026 ut
750 1969 833 2027 sie
871 1976 1095 2028 tantum
1130 1970 1484 2039 destruitae
1525 1972 1832 2042 depravat,

134 2083 270 2125 cum
312 2069 599 2140 generatio
654 2074 709 2125 et
762 2058 1007 2127 essentie,
1046 2084 1149 2141 per
1186 2070 1406 2127 bonu-m
1449 2069 1616 2127 fiant:
1661 2077 1835 2141 atque

135 2168 277 2224 adeo
320 2167 535 2223 maium
570 2182 650 2224 ex
690 2182 751 2225 se
792 2168 1026 2238 quidem
1067 2170 1175 2225 erit
1215 2168 1521 2240 corruptio,
1551 2169 1836 2226 subservit

139 2275 331 2324 autem
366 2266 725 2338 generationi
764 2280 866 2337 per
906 2266 963 2323 id
1006 2268 1160 2337 quod
1202 2268 1419 2323 bonum
1449 2273 1549 2336 est,
1578 2268 1838 2337 adeoque

144 2378 259 2433 qna
298 2365 517 2422 maium
562 2378 751 2434 neque
792 2378 882 2420 res
924 2371 1025 2434 est,
1068 2379 1256 2433 neque
1296 2378 1388 2420 res
1431 2366 1708 2434 produ-cit,
1737 2366 1838 2421 sed

145 2476 245 2533 per
282 2464 501 2520 bonum
542 2469 597 2520 et
638 2476 729 2519 res
770 2468 853 2519 est
894 2468 949 2519 et
990 2462 1235 2531 honum,
1264 2460 1641 2533 producitque
1669 2462 1836 2517 hona.

148 2560 297 2627 Quin
340 2560 453 2617 imo
495 2574 613 2618 non
654 2560 761 2617 erit
803 2560 1035 2633 quidem
1078 2559 1228 2617 idem
1266 2560 1469 2617 eadem
1499 2574 1570 2615 ex
1597 2566 1756 2630 parte
1786 2566 1841 2617 et

150 2660 360 2715 bonum
388 2666 443 2715 et
472 2660 707 2731 malum,
748 2673 939 2729 neque
978 2659 1174 2715 ea'dem
1216 2657 1466 2729 potem-ia
1507 2658 1615 2714 sub
1643 2658 1840 2714 eadem

150 2757 365 2814 ratione
404 2758 693 2829 corruptio
734 2762 789 2813 et
830 2757 1147 2828 generatio,
1188 2771 1380 2826 neque
1433 2756 1556 2827 ipsa
1597 2755 1699 2824 viS,
1742 2763 1846 2811 aut·

152 2856 272 2927 ipsa
310 2857 627 2927 corruptio:
660 2856 846 2928 ipsum
876 2855 1028 2911 enim
1052 2854 1276 2911 malum
1306 2868 1494 2923 neque
1522 2860 1624 2922 est,
1655 2868 1844 2923 neque
1919 2846 2105 2895 nalum

155 2956 367 3011 honum
409 2960 509 3025 est,
552 2968 741 3023 neque
778 2953 1089 3024 generandi
1130 2953 1246 3009 vim
1289 2951 1474 3020 hahet,
1505 2968 1693 3024 neque
1735 2966 1843 3021 ree,
1909 2936 2098 3037 ‚aiffa

156 3066 341 3122 neque
383 3054 531 3110 bona
570 3052 734 3124 faoit3
758 3053 980 3109 ‘honum
1010 3056 1200 3107 autem
1230 3052 1692 3121 quibuscumque
1719 3065 1843 3121 per·
1903 3066 2108 3121 penitus

159 3151 295 3207 fecte
333 3150 509 3221 inest,
552 3150 749 3207 eadem
777 3155 832 3206 et
858 3149 1105 3220 perfecta
1144 3154 1200 3204 et
1238 3148 1516 3219 simplicia
1556 3157 1727 3220 atque
1760 3149 1845 3206 in·
1891 3147 1994 3181 ’²⁰²⁸
2017 3148 2138 3181 “⁸“

160 3254 315 3319 tegra
340 3248 491 3305 hona
520 3248 720 3319 reddit,
744 3262 874 3319 quae
896 3259 1029 3303 vero
1050 3245 1244 3303 minus
1273 3246 1461 3317 ipsum
1492 3246 1846 3317 partIoipant‚

164 3346 483 3423 imperfecta
524 3345 671 3404 hona
711 3350 926 3404 suntet
954 3342 1262 3417 permixta,
1305 3348 1532 3415 propter
1572 3342 1705 3401 boni
1732 3344 1846 3414 pri·
