2667 4259
501 640 548 693 S.
587 638 637 683 2.

454 708 686 754 Diverso·

513 792 627 824 rum

466 863 662 895 errores

504 922 635 965 circa

447 1000 686 1037 mortuos.

742 316 851 373 132
1212 332 1257 374 s,
1300 329 1544 373 moxrsn
1588 326 1960 375 sunoraotraen

736 432 925 504 tlsque
960 432 1201 505 spebuS,
1245 434 1394 490 uum
1443 433 1516 491 ad
1563 433 1942 491 certaminum
1985 431 2317 491 divinorum
2365 433 2440 489 fi·

738 544 870 589 nem
917 533 1086 590 venit.

814 630 1187 688 Profanorum
1228 637 1422 689 autem
1476 629 1572 688 alii
1625 631 1859 701 quidem
1901 631 2024 687 sine
2063 630 2284 687 ratione
2323 642 2430 702 pu-

736 736 874 801 tant,
903 742 1142 801 corpora
1166 736 1364 791 nostra
1384 731 1611 802 penitus
1637 729 1872 801 aboleri3
1893 724 1994 787 alii
2011 744 2148 786 vero
2175 737 2431 798 censent,

735 842 1072 901 corporeum
1092 828 1201 886 hoc
1220 838 1356 886 cum
1373 828 1618 901 propriis
1627 804 1752 885 ‘suis
1771 828 2076 885 animabus
2093 828 2223 899 conj
2231 828 2434 899 ugium

735 927 972 999 repudio
1012 926 1189 984 semel
1216 926 1624 997 dirimendum,
1664 932 1984 996 tamquam·
2003 924 2116 982 illis
2145 926 2206 983 in
2234 926 2437 989 deiror-

734 1024 815 1082 mi
856 1026 972 1080 vita
1011 1025 1291 1095 beataque
1328 1026 1530 1095 requie
1565 1038 1772 1095 parum
1813 1028 2287 1095 consentaneum,
2329 1038 2433 1081 ne·

736 1138 1031 1195 quaquam
1074 1123 1472 1196 intelligentes,
1501 1136 1690 1194 neque
1717 1123 1952 1183 scientia
1980 1122 2174 1180 divina
2199 1122 2436 1192 eruditi,

686 1246 693 1251 ·
736 1234 841 1279 nos
876 1222 997 1295 jam
1036 1222 1372 1279 deiformem
1413 1222 1476 1279 in
1505 1221 1730 1279 Christo
1755 1221 1932 1279 vitam
1973 1220 2285 1278 inchoasse.
2317 1220 2436 1278 Alii

735 1326 928 1377 autem
969 1319 1271 1377 animabus
1320 1318 1568 1382 aliorum
1619 1331 1922 1391 corporum
1965 1318 2234 1390 conjugia
2271 1319 2433 1376 attri-

736 1419 944 1489 buunt,
986 1418 1047 1475 in
1088 1432 1223 1489 quo,
1262 1432 1394 1475 mea
1431 1418 1666 1489 quidem
1705 1418 2002 1487 sententia,
2043 1422 2328 1488 quantum
2369 1417 2438 1475 in

734 1516 874 1589 ipsis
914 1524 1027 1589 est,-
1082 1516 1358 1588 injuriam
1413 1516 1666 1589 irrogant
1717 1515 2080 1587 corporibus,
2125 1529 2256 1585 quae
2296 1529 2434 1573 cum

734 1616 945 1674 divinis
968 1616 1272 1674 animabus
1298 1614 1738 1685 collaborarunt,
1765 1614 2080 1685 eademque
2105 1615 2282 1672 sacris
2309 1615 2436 1673 suis

734 1716 985 1787 praemiis
1024 1714 1384 1787 defraudant,
1413 1729 1544 1773 cum
1585 1715 1846 1774 divinum
1884 1727 2124 1773 cursum
2163 1728 2434 1773 consum·

734 1816 963 1874 marim:
1006 1814 1120 1872 Alii
1142 1826 1350 1891 porro,
1375 1814 1570 1871 nescio
1595 1829 1714 1885 quo
1739 1820 1922 1885 pacto,
1951 1814 2026 1871 ad
2050 1819 2309 1871 terrenas
2338 1828 2434 1871 co·

732 1914 1033 1985 gitationes
1080 1912 1287 1984 dilapsi
1340 1912 1643 1983 dixerunt,-
1695 1913 1962 1984 praesenti
2013 1912 2144 1969 vitae
2183 1912 2434 1971 similem

628 2005 639 2017 ’
734 2013 915 2069 beatis
954 2012 1291 2083 promissam
1322 2026 1445 2068 esse
1471 2011 1890 2069 sanctissimam
1931 2010 2436 2083 beatissimamque

482 3015 669 3063 Fideles

428 3090 514 3145 qm·
550 3086 677 3131 ntale

453 3160 683 3203 vixerunt

732 2117 964 2181 sortem,
1006 2111 1279 2181 cibosque
1316 2110 1449 2167 vitae
1487 2110 1749 2169 variabili
1790 2111 2048 2183 proprios
2077 2112 2146 2169 iis
2175 2112 2276 2183 qui
2314 2111 2434 2169 An·

735 2209 878 2281 gelis
918 2209 1168 2279 aequales
1206 2206 1367 2281 sunt,
1405 2210 1622 2268 nefarie
1659 2208 2078 2282 applicuerunt.
2111 2209 2224 2269 Sed
2255 2202 2433 2281 absit,

734 2314 802 2363 ut
842 2320 1121 2379 umquam
1160 2315 1396 2367 sanctus
1437 2308 1527 2366 vir
1562 2307 1851 2380 quispiam
1891 2308 1954 2365 in
1995 2308 2316 2365 istiusmodi
2343 2322 2433 2364 er-

732 2419 893 2463 rores
933 2406 1181 2465 incidat:
1222 2421 1425 2465 verum
1451 2405 1538 2463 illi
1563 2408 1762 2477 sancti,
1790 2406 1892 2477 qui
1919 2420 1982 2463 se
2009 2411 2154 2463 totos
2195 2405 2434 2465 Christi·

737 2505 976 2563 formem
1028 2513 1239 2565 sortem
1291 2510 1658 2578 percepturos
1713 2510 2132 2578 cognorerunt,
2195 2506 2298 2563 ubi
2357 2507 2434 2565 ad

732 2603 913 2677 hujus
942 2606 1083 2662 ·vitae
1122 2605 1297 2663 tinem
1336 2604 1702 2677 accesserint,
1729 2606 1882 2662 viam
1921 2618 2090 2663 suam
2127 2606 2202 2663 ad
2245 2602 2433 2663 inc‘or·

732 2705 1078 2776 ruptionem,
1114 2705 1279 2775 quasi
1303 2704 1428 2775 jam
1455 2704 1922 2776 propinquiorem
1951 2705 2172 2778 factam,
2203 2705 2430 2763 intuen-

732 2807 837 2874 ωε,
878 2804 1091 2861 summi
1130 2802 1233 2861 Dei
1273 2816 1516 2859 munera
1555 2801 1898 2875 collaudant,
1929 2804 2239 2876 divinaque
2266 2804 2431 2862 volu·

732 2906 887 2971 ptate
904 2900 1305 2972 adimplentur,
1326 2914 1446 2957 non
1473 2900 1593 2971 jam
1621 2901 1868 2972 amplius
1895 2903 2141 2974 perverti
2167 2909 2429 2971 metuen-

730 3004 837 3068 ωε,
878 3000 978 3055 sed
1018 2999 1194 3069 probe
1234 3004 1652 3071 cognoscentes,
1695 3014 1758 3059 se
1797 3002 1948 3060 bona
1989 3007 2149 3073 parta
2185 3000 2432 3059 firmiter

733 3103 1122 3168 perpetuoque
1172 3110 1550 3169 possessuros
1603 3099 1820 3158 Verum
1875 3102 1976 3172 qui
2027 3101 2432 3173 iniquitatibus

428 3242 519 3275 cur
537 3231 703 3274 mm,
722 3195 1083 3267 nefariisque
1122 3196 1434 3255 sceleribus
1487 3204 1622 3255 sunt
1664 3200 1947 3271 cooperti,
1991 3200 2274 3271 siquidem
2321 3200 2430 3258 ali-

510 3314 636 3345 eino-

465 3372 679 3417 riantur.

726 3306 908 3365 quam
936 3305 1155 3353 sacram
1182 3296 1478 3358 hauserint
1505 3298 1962 3370 instructionem,
1993 3314 2177 3371 eaque
2203 3316 2276 3359 ex
2303 3303 2428 3360 ani·

734 3406 831 3450 mo
890 3389 1205 3466 perniciose
1261 3394 1480 3469 abjecta
1537 3398 1610 3455 ad
1669 3398 2046 3469 corruptrices
2105 3400 2428 3473 voluptates

1847 3644 1870 3673 Ι
