2667 4259
450 84 482 114 n
557 60 566 67 .

487 298 560 343 nn
589 300 728 349 cam„
758 298 988 345 nram.
1020 300 1306 352 -sscAru'r
1335 302 1462 349 xm.
1756 292 1831 350 49

143 412 326 477 omnes
343 396 648 475 purificat,
676 402 766 461 vel
795 404 984 476 potius
1015 402 1036 480 (
1061 412 1124 463 ut
1150 406 1334 479 magis
1368 406 1537 465 obvio
1570 408 1836 479 exemp-lo

144 499 302 575 utar)
342 501 493 566 sicut
515 502 686 574 'apud
726 516 832 560 nos
871 503 1164 575 Pontifex,
1216 505 1361 573 dum
1399 519 1505 577 per
1540 506 1837 565 ministros

141 610 264 653 suos
301 611 408 657 seu
449 596 780 657 Sacerdotes
820 600 1030 671 expiat,
1057 599 1440 673 illuminatve,
1469 601 1709 673 ipsemet
1735 612 1836 659 ex-

139 692 286 764 piare
324 701 382 753 et
422 694 752 755 illuminare
791 697 1022 769 dicitur,
1065 698 1221 769 quod
1261 696 1349 755 ini
1388 698 1645 771 ordiner„
1688 712 1837 769 quos

140 799 441 866 consecrat,
483 802 874 853 sacrosanctas
902 810 1038 854 suas
1066 796 1129 853 in
1155 796 1347 867 ipsum
1380 797 1632 855 referant
1661 797 1836 855 actio·

141 900 267 945 nes:
307 891 393 949 sic
432 890 691 965 Angelus
739 906 974 965 quoque
1015 894 1117 964 qui
1159 893 1512 968 Theologum
1553 895 1837 967 expiabat,
1920 912 1935 927 ·

139 987 420 1057 propriam
449 989 738 1061 purgandi
765 989 884 1049 vim
908 996 1084 1062 atque
1109 990 1409 1051 scientiam
1435 993 1555 1049 Deo
1581 992 1837 1063 quidem,

137 1087 198 1137 ut
235 1084 486 1156 auctori,
530 1083 830 1171 Seraphim
871 1100 1024 1157 vero,
1065 1093 1345 1158 tanquam
1383 1089 1719 1175 primicerio·
1747 1102 1837 1147 sa·

109 1190 362 1239 ,crorum
388 1180 678 1253 Antistiti,
715 1183 994 1256 attribuit,
1021 1197 1090 1241 ae
1115 1184 1166 1242 si
1193 1185 1363 1254 dicat,
1404 1198 1539 1246 cum
1578 1184 1841 1258 angelica

135 1276 382 1345 quadam
423 1280 752 1338 reverentia
781 1292 917 1337 eum
959 1281 1062 1352 qui
1101 1282 1459 1353 purgabatur
1498 1282 1837 1339 instituens:
1930 1281 1937 1289 '

131 1368 268 1442 Ejus
295 1388 432 1445 quae
459 1376 522 1433 in
549 1383 608 1433 te
632 1380 762 1433 meo
798 1377 1118 1435 ministerio
1154 1376 1841 1447 perfieinuexpiationis,

127 1469 478 1541 principium
519 1472 756 1544 quidem
797 1474 1172 1545 praecipuum,
1215 1480 1270 1531 et
1311 1474 1575 1545 essentia,
1625 1472 1842 1544 opifex·

127 1576 242 1634 que
284 1572 466 1636 atque
506 1574 708 1633 auctor
748 1573 834 1625 est
873 1568 940 1640 is,
971 1568 1073 1639 qui
1100 1569 1314 1645 primas
1355 1569 1527 1625 etiam
1569 1570 1843 1626 essentias

121 1666 178 1717 et
220 1661 289 1717 in
330 1659 528 1719 lucem
561 1662 817 1734 protulit,
846 1670 901 1721 et
924 1664 1094 1735 juxta
1121 1678 1182 1721 se
1209 1662 1543 1721 collocando
1571 1664 1845 1742 eontinet,

121 1762 311 1829 atquo
345 1765 649 1817 conservat
687 1759 1092 1831 immutabileS‚
1129 1759 1445 1831 lapsusque
1478 1766 1757 1833 expertes,
1787 1768 1844 1820 et

123 1853 358 1911 easdem
395 1860 588 1912 movet
627 1856 700 1913 ad
742 1856 956 1927 primas
982 1858 1357 1929 providentiae
1397 1872 1525 1915 >suae
1562 1859 1841 1933 operatie-
1952 1880 1957 1887 ·

125 1962 224 2007 nes
263 1950 726 2023 participandas:
758 1952 868 2011 hoc
896 1954 1053 2012 enim
1095 1955 1147 2012 is.
1185 1955 1288 2026 qui
1329 1954 1455 2029 haec
1468 2002 1477 2005 -
1492 1970 1587 2015 me
1626 1955 1842 2029 docuit,

129 2042 436 2119 Seraphim
463 2048 806 2122 legationem
835 2050 1128 2109 declarare
1152 2052 1314 2136 dixit.
1344 2052 1630 2123 Princeps
1644 2060 1841 2111 autem
1942 2046 1949 2050 ’

131 2155 464 2217 sacrorum,
477 2151 533 2201 et
559 2152 687 2216 post
725 2147 912 2223 Deugn
939 2147 1081 2218 dux,
1108 2148 1431 2218 primarum
1458 2147 1842 2207 essentiarum

131 2240 278 2313 orde,
297 2256 348 2299 -a
387 2256 512 2314 quo
553 2254 658 2315 ego
698 2242 1050 2301 deiformiter
1089 2244 1322 2313 expiare
1362 2243 1553 2313 didici,
1582 2244 1633 2299 is
1660 2244 1843 2313 ipsius

130 2334 363 2407 inquam
406 2345 526 2409 est,
569 2340 673 2409 qui
712 2352 816 2409 per
853 2350 950 2395 me
987 2344 1044 2393 te
1084 2337 1302 2407 expiat,
1351 2348 1455 2405 per
1494 2349 1671 2405 quem
1708 2350 1841 2407 pro·

129 2431 392 2493 videntiae
435 2448 566 2513 suae
605 2434 858 2493 actiones
899 2444 972 2491 ex
1009 2430 1205 2489 abdito
1232 2430 1306 2487 ad
1333 2442 1440 2487 nos
1466 2428 1739 2501 produxit
1774 2431 1843 2501 i'S,

131 2530 226 2597 qui
263 2538 350 2589 est
389 2538 602 2596 auctor
641 2535 698 2587 et
737 2530 971 2588 effector
1009 2527 1200 2587 omnis
1249 2526 1607 2598 expiationis.
1650 2526 1843 2597 Atque

129 2620 244 2699 haec
283 2627 386 2687 ille
425 2628 676 2702 quidem
716 2640 810 2689 me
848 2626 1104 2699 docebat,
1131 2624 1236 2683 tihi
1261 2630 1473 2683 autem·
1490 2625 1611 2695 ipse
1644 2625 1840 2683 trado:

129 2726 238 2781 111ae
277 2740 426 2786 vero.
461 2725 830 2799 intelligendi
879 2722 1359 2803 discernendique
1407 2720 1663 2779 scientiae
1702 2722 1809 2778 e‘rit
1824 2764 1840 2791 ,

127 2827 222 2895 aut
257 2836 364 2895 per
401 2814 655 2883 alteram
694 2821 980 2879 dictarum
1013 2832 1320 2903 causarum
1360 2818 1519 2875 omni
1556 2817 1841 2890 ambigui·

131 2918 257 2977 tatis
294 2920 584 2993 scrupulo
621 2916 858 2989 absolvi,
893 2930 1138 2989 eamque
1175 2914 1361 2985 alteri,
1400 2921 1598 2999 utpote
1636 2916 1840 2989 proba·

133 3014 322 3089 bilem,
360 3026 420 3077 et
461 3020 928 3085 consentaneam,
955 3028 1024 3083 ac
1049 3016 1194 3073 forte
1219 3028 1435 3085 veram,
1466 3019 1842 3091 anteponere3

135 3120 230 3169 aut
265 3130 376 3186 per
415 3122 498 3189 te,
533 3096 676 3191 quid
717 3126 852 3171 cum
894 3111 1130 3171 veritate
1167 3112 1294 3185 conj
1302 3117 1535 3169 unctius
1572 3110 1647 3169 sit
1686 3100 1843 3170 inve·

137 3210 285 3285 nire,
327 3220 436 3271 aut
477 3213 556 3271 ab
596 3210 710 3270 alio
749 3209 968 3270 discere
1009 3204 1169 3279 (Deo
1207 3205 1425 3266 scilicet
1462 3207 1703 3267 verbum
1743 3208 1844 3267 triv

138 3304 376 3384 buente,
430 3309 614 3382 quod·
645 3314 702 3367 et
751 3305 957 3386 Angeli
1005 3306 1522 3379 interpretentur,)
1565 3306 1845 3375 nobisque
