2667 4259
529 315 598 358 nn
629 315 838 358 mvms
865 315 1168 360 Nofflmnus
1199 333 1272 344 —
1303 315 1482 361 CAPUT
1514 317 1587 363 [x.
1790 301 1907 358 2:39·

215 427 350 491 tate,
390 421 653 490 quaedam
695 420 806 478 alia
845 413 1027 478 ab'iis
1070 437 1200 494 quae
1241 423 1377 479 visis
1414 423 1795 493 insinuantur,
1830 422 1909 478 si·-

212 517 472 591 gnificari
515 521 836 590 putandum
865 525 963 576 est.
997 521 1489 587 Quem-admodum
1518 521 1671 578 enim
1698 521 1748 578 si
1774 521 1907 592 quis

212 617 513 690 cogitando
539 618 793 674 animam
821 619 894 674 ad
921 632 1206 690 corporeae
1235 619 1437 690 figurae
1461 619 1697 676 modum
1724 620 1907 690 ipsam

209 723 663 788 repraesentaret,
705 723 761 774 et
801 717 883 774 rei
923 719 1172 789 partium
1223 719 1442 789 experti
1483 707 1671 788 partes
1712 733 1906 790 corpo»
1966 743 1973 748 ·

215 829 350 872 reas
385 816 702 888 affingeret,
744 816 856 874 alio
895 818 1065 874 modo
1093 817 1154 873 in
1181 831 1246 874 ea
1277 824 1487 888 parteS,
1531 832 1661 888 quae
1702 817 1789 874 illi
1826 824 1907 876 at·
1938 873 1943 876 .

217 915 454 972 tributae
495 921 699 986 essent,
743 915 1207 989 intelligeremus
1251 923 1421 988 prout
1460 917 1735 974 nimirum
1777 929 1907 974 con-

217 1013 376 1070 venit
417 1013 596 1084 ipsius
635 1015 1050 1072 individuitati:
1103 1021 1168 1072 et·
1209 1021 1380 1085 caput
1430 1014 1660 1086 quidem
1702 1014 1909 1072 intelli--

213 1113 484 1184 gentiam,
529 1113 806 1170 cervicem
851 1127 985 1170 vero
1023 1094 1349 1184 opinionem
1394 1111 1625 1186 (utpote
1664 1114 1909 1170 mediam

215 1210 370 1267 inter
405 1211 682 1267 rationem
723 1217 898 1283 atque
937 1211 1467 1286 irrationalitatem)
1496 1219 1692 1282 peetus
1719 1220 1910 1269 autem

215 1310 394 1380 iram,
439 1317 692 1368 ventrem
735 1323 875 1367 vero
911 1311 1303 1381 cupiditatem,
1348 1321 1519 1367 crura
1560 1309 1807 1382 denique
1846 1325 1913 1368 ac

212 1409 386 1479 pedes
438 1415 703 1465 naturam
754 1409 1106 1478 diceremuS,
1145 1409 1389 1465 istarum·
1434 1409 1686 1479 partium
1730 1409 1910 1465 nomi-

217 1507 392 1564 nibus
444 1521 546 1578 pro
599 1506 936 1564 facultatum
989 1507 1261 1578 symbolis
1313 1508 1563 1578 utendo,·
1601 1508 1679 1564 ita
1728 1507 1911 1564 multo

217 1619 357 1663 sane
399 1606 601 1676 potiori
644 1605 878 1676 ratione,
909 1606 970 1662 in
995 1619 1064 1662 eo
1103 1605 1206 1676 qui
1249 1605 1514 1665 omnibus
1556 1605 1783 1676 eminet,
1828 1606 1909 1663 di-

217 1705 456 1762 versitas
499 1704 600 1763 ilia
642 1705 953 1762 formarum
988 1711 1162 1775 atque
1189 1705 1525 1776 figurarum,
1566 1705 1742 1764 sacris
1784 1705 1909 1776 quia

219 1805 463 1861 busdam
505 1817 576 1860 ac
610 1803 728 1860 Deo
769 1803 1036 1875 congruis
1090 1803 1459 1874 mysticisque
1500 1802 1908 1876 explanationi-

217 1903 358 1972 huS,
377 1903 390 1916 '
415 1901 720 1973 anagogice
773 1907 857 1958 est
909 1900 1296 1958 describenda.
1363 1901 1433 1957 Et
1493 1901 1540 1957 si
1602 1901 1911 1972 tripartitas
1976 1901 2091 1954 Quoe
2116 1903 2182 1946 sic

224 2001 480 2072 corporis
511 2001 736 2073 figuras
778 2000 885 2072 ipsi
927 2001 1061 2071 Deo,
1091 2001 1193 2070 qui
1233 2000 1389 2072 tangi
1432 2014 1498 2057 ac
1538 1999 1774 2072 figurari
1815 2014 1909 2057 ne-

1938 1972 2225 2030 Ionyitudo,

1978 2043 2185 2088 latitudo

222 2101 380 2172 quit,
435 2101 742 2157 attribuere
795 2100 1077 2171 volueris;
1133 2099 1326 2156 divina
1388 2099 1621 2170 quidem
1673 2099 1913 2156 latitudo
1945 2121 1989 2160 et
2008 2113 2227 2174 profun-

217 2199 463 2256 dicenda
507 2203 621 2271 est,
663 2197 938 2255 latissima
977 2199 1048 2254 ad
1093 2198 1391 2254 universas
1432 2212 1521 2254 res
1562 2199 1886 2271 progressio
1893 2216 1911 2270 ,ι

221 2297 524 2369 longitudo
566 2303 775 2368 autem,
819 2296 1068 2367 potentia
1095 2287 1225 2365 ‹iuae
1253 2309 1429 2364 supra
1468 2277 1661 2352 omnia
1702 2311 1915 2367 expan-

219 2396 382 2452 ditur
390 2411 408 2465 3
438 2393 788 2464 profundum
816 2407 965 2463 vero,
990 2398 1267 2449 arcanum
1295 2391 1441 2448 illud
1468 2394 1735 2449 omnibus
1763 2377 1915 2450 inac-

211 2499 479 2564 cessum,
524 2494 896 2566 ejusdemque
939 2492 1234 2564 ignoratio.
1278 2489 1495 2548 Verum
1536 2505 1611 2548 ne
1651 2489 1916 2549 fallamus

209 2591 626 2663 nosmetipsos,
676 2593 816 2649 dum
871 2592 1044 2650 variis
1105 2591 1307 2663 figuris
1371 2589 1681 2660 formisque
1736 2589 1913 2660 expli-

220 2689 420 2746 candis
479 2689 826 2760 insistimus,
895 2689 1222 2748 divinarum
1289 2702 1484 2746 rerum
1554 2689 1915 2758 incorporeas

221 2787 628 2859 appellationes
694 2801 826 2843 cum
887 2787 1186 2859 signorum
1251 2785 1610 2843 sensibilium
1668 2784 1914 2856 appella-

213 2886 474 2946 tionibus
515 2886 950 2956 confundendO,
1003 2887 1072 2942 de
1105 2885 1211 2964 ,his
1263 2885 1320 2942 in
1378 2883 1697 2956 symbolica
1738 2885 1913 2942 Theo-

2017 2186 2145 2230 ditas

1981 2257 2033 2302 in
2046 2256 2189 2304 Deo.

218 2986 375 3058 logia
437 2984 839 3042 disseruimus:
891 2997 1048 3042 nune
1088 2992 1280 3042 autem
1319 2983 1571 3041 divinam
1626 2983 1915 3041 diversita—
1988 2983 1999 2994 ”

219 3093 339 3142 tem
353 3129 370 3155 ,
413 3099 488 3141 ne
526 3084 914 3142 mutationem·
961 3084 1268 3154 quamdam
1311 3081 1467 3155 ejuS,
1508 3083 1610 3153 qui
1651 3082 1913 3140 immuta-

225 3183 416 3242 biliter
452 3183 600 3242 idem
639 3191 739 3255 est,
765 3191 906 3240 'esse
948 3183 1322 3254 suspicemur,
1360 3183 1457 3240 sed
1496 3183 1683 3254 potius
1724 3180 1915 3239 multi·

221 3282 587 3355 plicationem
641 3283 996 3356 singularem
1012 3326 1029 3353 ,
1083 3287 1138 3338 et
1191 3281 1589 3339 emanationes·
1629 3280 1915 3352 >simplices

219 3381 298 3438 ad
341 3381 548 3438 omnia.
