<?xml version="1.0" encoding="UTF-8"?>
<!DOCTYPE html PUBLIC "-//W3C//DTD XHTML 1.0 Transitional//EN"
    "http://www.w3.org/TR/xhtml1/DTD/xhtml1-transitional.dtd">
<html xmlns="http://www.w3.org/1999/xhtml" xml:lang="en" lang="en">
 <head>
  <title>
</title>
<meta http-equiv="Content-Type" content="text/html;charset=utf-8" />
  <meta name='ocr-system' content='tesseract 3.04.00' />
  <meta name='ocr-capabilities' content='ocr_page ocr_carea ocr_par ocr_line ocrx_word'/>
</head>
<body>
  <div class='ocr_page' id='page_1' title='image "./sanctidionysiia00cordgoog_0253.png"; bbox 0 0 2667 4259; ppageno 0'>
   <div class='ocr_carea' id='block_1_1' title="bbox 484 297 1857 358">
    <p class='ocr_par' dir='ltr' id='par_1_1' title="bbox 484 297 1857 358">
     <span class='ocr_line' id='line_1_1' title="bbox 484 297 1857 358; baseline 0.001 -4"><span class='ocrx_word' id='word_1_1' title='bbox 484 313 556 355; x_wconf 76' lang='lat' dir='ltr'><strong>nr.</strong></span> <span class='ocrx_word' id='word_1_2' title='bbox 584 313 794 355; x_wconf 75' lang='lat' dir='ltr'><strong>mvrms</strong></span> <span class='ocrx_word' id='word_1_3' title='bbox 821 311 1126 357; x_wconf 71' lang='lat' dir='ltr'>NOMINIBUS</span> <span class='ocrx_word' id='word_1_4' title='bbox 1156 327 1230 342; x_wconf 89' lang='lat'><strong>—-</strong></span> <span class='ocrx_word' id='word_1_5' title='bbox 1260 314 1441 358; x_wconf 66' lang='lat' dir='ltr'><strong>carur</strong></span> <span class='ocrx_word' id='word_1_6' title='bbox 1473 314 1551 358; x_wconf 76' lang='lat' dir='ltr'><strong>ix.</strong></span> <span class='ocrx_word' id='word_1_7' title='bbox 1745 297 1857 357; x_wconf 75' lang='lat'><strong>241</strong></span> 
     </span>
    </p>
   </div>
   <div class='ocr_carea' id='block_1_2' title="bbox 152 395 2172 3458">
    <p class='ocr_par' dir='ltr' id='par_1_2' title="bbox 155 395 1863 686">
     <span class='ocr_line' id='line_1_2' title="bbox 160 395 1860 490; baseline 0.002 -18"><span class='ocrx_word' id='word_1_8' title='bbox 160 415 376 474; x_wconf 86' lang='lat' dir='ltr'><strong>tionem</strong></span> <span class='ocrx_word' id='word_1_9' title='bbox 391 432 408 488; x_wconf 91' lang='lat'>;</span> <span class='ocrx_word' id='word_1_10' title='bbox 451 395 751 474; x_wconf 71' lang='lat' dir='ltr'><strong>dissimilia</strong></span> <span class='ocrx_word' id='word_1_11' title='bbox 789 431 944 490; x_wconf 89' lang='lat' dir='ltr'><strong>vero,</strong></span> <span class='ocrx_word' id='word_1_12' title='bbox 973 417 1290 477; x_wconf 88' lang='lat' dir='ltr'><strong>secundum</strong></span> <span class='ocrx_word' id='word_1_13' title='bbox 1331 417 1640 476; x_wconf 76' lang='lat' dir='ltr'><strong>effectuum</strong></span> <span class='ocrx_word' id='word_1_14' title='bbox 1667 433 1702 475; x_wconf 93' lang='lat' dir='ltr'><strong>a</strong></span> <span class='ocrx_word' id='word_1_15' title='bbox 1730 433 1860 476; x_wconf 83' lang='lat' dir='ltr'><strong>cau·</strong></span> 
     </span>
     <span class='ocr_line' id='line_1_3' title="bbox 156 514 1863 591; baseline 0.002 -20"><span class='ocrx_word' id='word_1_16' title='bbox 156 515 240 571; x_wconf 91' lang='lat' dir='ltr'><strong>sis</strong></span> <span class='ocrx_word' id='word_1_17' title='bbox 284 514 664 574; x_wconf 75' lang='lat' dir='ltr'><strong>differentiam</strong></span> <span class='ocrx_word' id='word_1_18' title='bbox 707 515 944 574; x_wconf 85' lang='lat' dir='ltr'><strong>infinitis</strong></span> <span class='ocrx_word' id='word_1_19' title='bbox 985 529 1222 590; x_wconf 85' lang='lat' dir='ltr'><strong>prorsus</strong></span> <span class='ocrx_word' id='word_1_20' title='bbox 1275 517 1607 591; x_wconf 79' lang='lat' dir='ltr'><strong>parasangis</strong></span> <span class='ocrx_word' id='word_1_21' title='bbox 1647 517 1863 574; x_wconf 84' lang='lat' dir='ltr'><strong>incom-</strong></span> 
     </span>
     <span class='ocr_line' id='line_1_4' title="bbox 155 613 854 686; baseline 0.004 -16"><span class='ocrx_word' id='word_1_22' title='bbox 155 613 491 686; x_wconf 85' lang='lat' dir='ltr'><strong>parabiliter</strong></span> <span class='ocrx_word' id='word_1_23' title='bbox 529 613 854 673; x_wconf 72' lang='lat' dir='ltr'><strong>distantem.</strong></span> 
     </span>
    </p>

    <p class='ocr_par' dir='ltr' id='par_1_3' title="bbox 153 711 2172 1784">
     <span class='ocr_line' id='line_1_5' title="bbox 239 711 2098 782; baseline -0.002 -12"><span class='ocrx_word' id='word_1_24' title='bbox 239 713 392 782; x_wconf 84' lang='lat' dir='ltr'><strong>Quid</strong></span> <span class='ocrx_word' id='word_1_25' title='bbox 433 721 627 773; x_wconf 87' lang='lat' dir='ltr'><strong>autem</strong></span> <span class='ocrx_word' id='word_1_26' title='bbox 677 716 749 774; x_wconf 87' lang='lat' dir='ltr'><strong>de</strong></span> <span class='ocrx_word' id='word_1_27' title='bbox 801 713 996 774; x_wconf 87' lang='lat' dir='ltr'><strong>divino</strong></span> <span class='ocrx_word' id='word_1_28' title='bbox 1051 722 1202 774; x_wconf 84' lang='lat' dir='ltr'><strong>statu</strong></span> <span class='ocrx_word' id='word_1_29' title='bbox 1256 715 1349 773; x_wconf 86' lang='lat' dir='ltr'><strong>vel</strong></span> <span class='ocrx_word' id='word_1_30' title='bbox 1390 715 1524 773; x_wconf 88' lang='lat' dir='ltr'><strong>sede</strong></span> <span class='ocrx_word' id='word_1_31' title='bbox 1564 713 1865 773; x_wconf 74' lang='lat' dir='ltr'><strong>dicamus?</strong></span> <span class='ocrx_word' id='word_1_32' title='bbox 1964 712 2009 767; x_wconf 74' lang='lat' dir='ltr'><strong>S·</strong></span> <span class='ocrx_word' id='word_1_33' title='bbox 2052 711 2098 757; x_wconf 86' lang='lat'><strong>8·</strong></span> 
     </span>
     <span class='ocr_line' id='line_1_6' title="bbox 157 783 2172 900; baseline 0.002 -31"><span class='ocrx_word' id='word_1_34' title='bbox 157 809 332 890; x_wconf 78' lang='lat' dir='ltr'><strong>Quid,</strong></span> <span class='ocrx_word' id='word_1_35' title='bbox 374 813 638 884; x_wconf 80' lang='lat' dir='ltr'><strong>inquam,</strong></span> <span class='ocrx_word' id='word_1_36' title='bbox 673 812 849 887; x_wconf 86' lang='lat' dir='ltr'><strong>aliud,</strong></span> <span class='ocrx_word' id='word_1_37' title='bbox 891 820 1273 886; x_wconf 72' lang='lat' dir='ltr'><strong>praeterquam</strong></span> <span class='ocrx_word' id='word_1_38' title='bbox 1314 827 1549 871; x_wconf 88' lang='lat' dir='ltr'><strong>manere</strong></span> <span class='ocrx_word' id='word_1_39' title='bbox 1586 813 1773 871; x_wconf 85' lang='lat' dir='ltr'><strong>Deum</strong></span> <span class='ocrx_word' id='word_1_40' title='bbox 1800 813 1861 872; x_wconf 88' lang='lat' dir='ltr'><strong>in</strong></span> <span class='ocrx_word' id='word_1_41' title='bbox 1898 783 2172 900; x_wconf 52' lang='lat' dir='ltr'><strong>ouggzuu</strong></span> 
     </span>
     <span class='ocr_line' id='line_1_7' title="bbox 155 905 2133 985; baseline 0.001 -17"><span class='ocrx_word' id='word_1_42' title='bbox 155 911 365 984; x_wconf 82' lang='lat' dir='ltr'><strong>seipso„</strong></span> <span class='ocrx_word' id='word_1_43' title='bbox 408 919 464 970; x_wconf 89' lang='lat' dir='ltr'><strong>et</strong></span> <span class='ocrx_word' id='word_1_44' title='bbox 503 905 570 970; x_wconf 83' lang='lat' dir='ltr'><strong>in&#39;</strong></span> <span class='ocrx_word' id='word_1_45' title='bbox 603 912 802 971; x_wconf 90' lang='lat' dir='ltr'><strong>eodem</strong></span> <span class='ocrx_word' id='word_1_46' title='bbox 841 919 995 972; x_wconf 88' lang='lat' dir='ltr'><strong>statu</strong></span> <span class='ocrx_word' id='word_1_47' title='bbox 1036 913 1318 974; x_wconf 84' lang='lat' dir='ltr'><strong>immobili</strong></span> <span class='ocrx_word' id='word_1_48' title='bbox 1358 914 1525 972; x_wconf 82' lang='lat' dir='ltr'><strong>firme</strong></span> <span class='ocrx_word' id='word_1_49' title='bbox 1566 913 1777 985; x_wconf 78' lang='lat' dir='ltr'><strong>lixum,</strong></span> <span class='ocrx_word' id='word_1_50' title='bbox 1807 921 1863 972; x_wconf 87' lang='lat' dir='ltr'><strong>et</strong></span> <span class='ocrx_word' id='word_1_51' title='bbox 1936 925 2133 970; x_wconf 70' lang='lat' dir='ltr'><strong>dicatur</strong></span> 
     </span>
     <span class='ocr_line' id='line_1_8' title="bbox 153 993 2157 1113; baseline 0.001 -45"><span class='ocrx_word' id='word_1_52' title='bbox 153 1023 509 1083; x_wconf 82' lang='lat' dir='ltr'><strong>supraquam</strong></span> <span class='ocrx_word' id='word_1_53' title='bbox 549 1011 853 1071; x_wconf 82' lang='lat' dir='ltr'><strong>fundatum</strong></span> <span class='ocrx_word' id='word_1_54' title='bbox 907 1027 1032 1072; x_wconf 87' lang='lat' dir='ltr'><strong>esse</strong></span> <span class='ocrx_word' id='word_1_55' title='bbox 1084 1013 1392 1085; x_wconf 87' lang='lat' dir='ltr'><strong>stabiliter,</strong></span> <span class='ocrx_word' id='word_1_56' title='bbox 1436 1017 1493 1070; x_wconf 82' lang='lat' dir='ltr'><strong>et</strong></span> <span class='ocrx_word' id='word_1_57' title='bbox 1538 1012 1861 1071; x_wconf 87' lang='lat' dir='ltr'><strong>secundum</strong></span> <span class='ocrx_word' id='word_1_58' title='bbox 1908 993 2157 1113; x_wconf 46' lang='grc' dir='ltr'><strong>’Σῖζιῖνξθι</strong></span> 
     </span>
     <span class='ocr_line' id='line_1_9' title="bbox 159 1098 2121 1184; baseline 0 -16"><span class='ocrx_word' id='word_1_59' title='bbox 159 1111 361 1169; x_wconf 86' lang='lat' dir='ltr'><strong>eadem</strong></span> <span class='ocrx_word' id='word_1_60' title='bbox 405 1117 460 1168; x_wconf 88' lang='lat' dir='ltr'><strong>et</strong></span> <span class='ocrx_word' id='word_1_61' title='bbox 500 1111 652 1173; x_wconf 85' lang='lat' dir='ltr'><strong>cirea</strong></span> <span class='ocrx_word' id='word_1_62' title='bbox 691 1111 840 1170; x_wconf 89' lang='lat' dir='ltr'><strong>idem</strong></span> <span class='ocrx_word' id='word_1_63' title='bbox 883 1112 1072 1184; x_wconf 89' lang='lat' dir='ltr'><strong>ipsum</strong></span> <span class='ocrx_word' id='word_1_64' title='bbox 1114 1117 1169 1170; x_wconf 89' lang='lat' dir='ltr'><strong>et</strong></span> <span class='ocrx_word' id='word_1_65' title='bbox 1209 1111 1474 1170; x_wconf 87' lang='lat' dir='ltr'><strong>similiter</strong></span> <span class='ocrx_word' id='word_1_66' title='bbox 1511 1109 1763 1183; x_wconf 86' lang='lat' dir='ltr'><strong>operari,</strong></span> <span class='ocrx_word' id='word_1_67' title='bbox 1806 1116 1864 1169; x_wconf 93' lang='lat' dir='ltr'><strong>et</strong></span> <span class='ocrx_word' id='word_1_68' title='bbox 2110 1098 2121 1111; x_wconf 82' lang='lat'>&#39;</span> 
     </span>
     <span class='ocr_line' id='line_1_10' title="bbox 157 1207 1863 1281; baseline 0.002 -17"><span class='ocrx_word' id='word_1_69' title='bbox 157 1207 394 1266; x_wconf 86' lang='lat' dir='ltr'><strong>omnino</strong></span> <span class='ocrx_word' id='word_1_70' title='bbox 445 1223 568 1267; x_wconf 87' lang='lat' dir='ltr'><strong>esse</strong></span> <span class='ocrx_word' id='word_1_71' title='bbox 621 1223 656 1266; x_wconf 90' lang='lat' dir='ltr'><strong>a</strong></span> <span class='ocrx_word' id='word_1_72' title='bbox 681 1223 688 1232; x_wconf 73' lang='lat'>‘</span> <span class='ocrx_word' id='word_1_73' title='bbox 709 1209 894 1281; x_wconf 89' lang='lat' dir='ltr'><strong>seipso</strong></span> <span class='ocrx_word' id='word_1_74' title='bbox 933 1209 1349 1268; x_wconf 83' lang='lat' dir='ltr'><strong>immutabilem</strong></span> <span class='ocrx_word' id='word_1_75' title='bbox 1370 1253 1386 1280; x_wconf 93' lang='lat'><strong>,</strong></span> <span class='ocrx_word' id='word_1_76' title='bbox 1442 1214 1497 1266; x_wconf 88' lang='lat' dir='ltr'><strong>et</strong></span> <span class='ocrx_word' id='word_1_77' title='bbox 1538 1223 1663 1266; x_wconf 81' lang='lat' dir='ltr'><strong>non</strong></span> <span class='ocrx_word' id='word_1_78' title='bbox 1697 1223 1863 1280; x_wconf 88' lang='lat' dir='ltr'><strong>posse</strong></span> 
     </span>
     <span class='ocr_line' id='line_1_11' title="bbox 157 1287 1863 1390; baseline 0.002 -28"><span class='ocrx_word' id='word_1_79' title='bbox 157 1307 567 1379; x_wconf 79' lang='lat' dir='ltr'><strong>transmoveri,</strong></span> <span class='ocrx_word' id='word_1_80' title='bbox 609 1314 665 1365; x_wconf 86' lang='lat' dir='ltr'><strong>et</strong></span> <span class='ocrx_word' id='word_1_81' title='bbox 704 1323 828 1367; x_wconf 86' lang='lat' dir='ltr'><strong>esse</strong></span> <span class='ocrx_word' id='word_1_82' title='bbox 867 1322 941 1366; x_wconf 84' lang='lat' dir='ltr'><strong>ex</strong></span> <span class='ocrx_word' id='word_1_83' title='bbox 979 1313 1112 1390; x_wconf 29' lang='lat' dir='ltr'><strong>toto,</strong></span> <span class='ocrx_word' id='word_1_84' title='bbox 1137 1307 1507 1378; x_wconf 81' lang='lat' dir='ltr'><strong>immobilem,</strong></span> <span class='ocrx_word' id='word_1_85' title='bbox 1536 1287 1711 1378; x_wconf 80' lang='lat' dir='ltr'><strong>atque</strong></span> <span class='ocrx_word' id='word_1_86' title='bbox 1737 1307 1863 1365; x_wconf 83' lang='lat' dir='ltr'><strong>haec</strong></span> 
     </span>
     <span class='ocr_line' id='line_1_12' title="bbox 159 1405 1862 1478; baseline 0 -16"><span class='ocrx_word' id='word_1_87' title='bbox 159 1405 396 1475; x_wconf 85' lang='lat' dir='ltr'><strong>quidem</strong></span> <span class='ocrx_word' id='word_1_88' title='bbox 421 1421 598 1478; x_wconf 87' lang='lat' dir='ltr'><strong>supra</strong></span> <span class='ocrx_word' id='word_1_89' title='bbox 617 1405 1013 1478; x_wconf 84' lang='lat' dir='ltr'><strong>substantiam3</strong></span> <span class='ocrx_word' id='word_1_90' title='bbox 1038 1407 1159 1478; x_wconf 91' lang='lat' dir='ltr'><strong>ipse</strong></span> <span class='ocrx_word' id='word_1_91' title='bbox 1183 1405 1336 1463; x_wconf 88' lang='lat' dir='ltr'><strong>enim</strong></span> <span class='ocrx_word' id='word_1_92' title='bbox 1362 1411 1455 1463; x_wconf 87' lang='lat' dir='ltr'><strong>est·</strong></span> <span class='ocrx_word' id='word_1_93' title='bbox 1470 1406 1655 1462; x_wconf 89' lang='lat' dir='ltr'><strong>omnis</strong></span> <span class='ocrx_word' id='word_1_94' title='bbox 1678 1411 1862 1464; x_wconf 89' lang='lat' dir='ltr'><strong>status</strong></span> 
     </span>
     <span class='ocr_line' id='line_1_13' title="bbox 159 1503 1861 1578; baseline 0.001 -17"><span class='ocrx_word' id='word_1_95' title='bbox 159 1511 218 1561; x_wconf 87' lang='lat' dir='ltr'><strong>et</strong></span> <span class='ocrx_word' id='word_1_96' title='bbox 257 1503 528 1564; x_wconf 84' lang='lat' dir='ltr'><strong>sessionis</strong></span> <span class='ocrx_word' id='word_1_97' title='bbox 569 1513 784 1578; x_wconf 87' lang='lat' dir='ltr'><strong>auctor,</strong></span> <span class='ocrx_word' id='word_1_98' title='bbox 815 1504 917 1578; x_wconf 87' lang='lat' dir='ltr'><strong>qui</strong></span> <span class='ocrx_word' id='word_1_99' title='bbox 957 1519 1132 1576; x_wconf 85' lang='lat' dir='ltr'><strong>supra</strong></span> <span class='ocrx_word' id='word_1_100' title='bbox 1171 1504 1481 1562; x_wconf 87' lang='lat' dir='ltr'><strong>sessionem</strong></span> <span class='ocrx_word' id='word_1_101' title='bbox 1524 1519 1753 1563; x_wconf 85' lang='lat' dir='ltr'><strong>omnem</strong></span> <span class='ocrx_word' id='word_1_102' title='bbox 1793 1521 1861 1563; x_wconf 89' lang='lat' dir='ltr'><strong>ac</strong></span> 
     </span>
     <span class='ocr_line' id='line_1_14' title="bbox 161 1599 1861 1677; baseline 0.001 -17"><span class='ocrx_word' id='word_1_103' title='bbox 161 1609 376 1661; x_wconf 86' lang='lat' dir='ltr'><strong>statum</strong></span> <span class='ocrx_word' id='word_1_104' title='bbox 420 1605 640 1677; x_wconf 78' lang='lat' dir='ltr'><strong>existit,</strong></span> <span class='ocrx_word' id='word_1_105' title='bbox 669 1607 813 1662; x_wconf 86' lang='lat' dir='ltr'><strong>etin</strong></span> <span class='ocrx_word' id='word_1_106' title='bbox 841 1607 964 1677; x_wconf 88' lang='lat' dir='ltr'><strong>ipso</strong></span> <span class='ocrx_word' id='word_1_107' title='bbox 991 1601 1200 1662; x_wconf 79' lang='lat' dir='ltr'><strong>cuneta</strong></span> <span class='ocrx_word' id='word_1_108' title='bbox 1237 1603 1575 1675; x_wconf 87' lang='lat' dir='ltr'><strong>consistunt,</strong></span> <span class='ocrx_word' id='word_1_109' title='bbox 1618 1599 1758 1662; x_wconf 84' lang='lat' dir='ltr'><strong>dum</strong></span> <span class='ocrx_word' id='word_1_110' title='bbox 1799 1605 1861 1662; x_wconf 84' lang='lat' dir='ltr'><strong>in</strong></span> 
     </span>
     <span class='ocr_line' id='line_1_15' title="bbox 161 1703 1770 1784; baseline -0.001 -22"><span class='ocrx_word' id='word_1_111' title='bbox 161 1705 448 1762; x_wconf 87' lang='lat' dir='ltr'><strong>honorum</strong></span> <span class='ocrx_word' id='word_1_112' title='bbox 491 1718 730 1761; x_wconf 89' lang='lat' dir='ltr'><strong>suorum</strong></span> <span class='ocrx_word' id='word_1_113' title='bbox 769 1709 922 1762; x_wconf 84' lang='lat' dir='ltr'><strong>statu</strong></span> <span class='ocrx_word' id='word_1_114' title='bbox 962 1703 1304 1760; x_wconf 81' lang='lat' dir='ltr'><strong>inconcussa</strong></span> <span class='ocrx_word' id='word_1_115' title='bbox 1344 1710 1770 1784; x_wconf 73' lang='lat' dir='ltr'><strong>conservantur.</strong></span> 
     </span>
    </p>

    <p class='ocr_par' dir='ltr' id='par_1_4' title="bbox 152 1796 2167 3458">
     <span class='ocr_line' id='line_1_16' title="bbox 243 1796 2093 1876; baseline -0.002 -17"><span class='ocrx_word' id='word_1_116' title='bbox 243 1796 395 1870; x_wconf 87' lang='lat' dir='ltr'><strong>Quid</strong></span> <span class='ocrx_word' id='word_1_117' title='bbox 435 1816 622 1876; x_wconf 89' lang='lat' dir='ltr'><strong>porr0,</strong></span> <span class='ocrx_word' id='word_1_118' title='bbox 654 1803 884 1874; x_wconf 86' lang='lat' dir='ltr'><strong>quando</strong></span> <span class='ocrx_word' id='word_1_119' title='bbox 914 1802 1121 1860; x_wconf 89' lang='lat' dir='ltr'><strong>iterum</strong></span> <span class='ocrx_word' id='word_1_120' title='bbox 1149 1801 1417 1874; x_wconf 83' lang='lat' dir='ltr'><strong>Theologi</strong></span> <span class='ocrx_word' id='word_1_121' title='bbox 1447 1801 1697 1872; x_wconf 85' lang='lat' dir='ltr'><strong>tradunt,</strong></span> <span class='ocrx_word' id='word_1_122' title='bbox 1726 1809 1859 1859; x_wconf 81' lang='lat' dir='ltr'><strong>eum</strong></span> <span class='ocrx_word' id='word_1_123' title='bbox 1958 1811 2004 1865; x_wconf 84' lang='lat' dir='ltr'><strong>s.</strong></span> <span class='ocrx_word' id='word_1_124' title='bbox 2046 1811 2093 1856; x_wconf 80' lang='lat'><strong>9.</strong></span> 
     </span>
     <span class='ocr_line' id='line_1_17' title="bbox 159 1879 2167 1997; baseline 0 -39"><span class='ocrx_word' id='word_1_125' title='bbox 159 1902 263 1978; x_wconf 84' lang='lat' dir='ltr'><strong>qui</strong></span> <span class='ocrx_word' id='word_1_126' title='bbox 306 1901 614 1960; x_wconf 81' lang='lat' dir='ltr'><strong>immobilis</strong></span> <span class='ocrx_word' id='word_1_127' title='bbox 653 1908 740 1959; x_wconf 89' lang='lat' dir='ltr'><strong>est</strong></span> <span class='ocrx_word' id='word_1_128' title='bbox 765 1901 837 1959; x_wconf 89' lang='lat' dir='ltr'><strong>ad</strong></span> <span class='ocrx_word' id='word_1_129' title='bbox 865 1901 1134 1959; x_wconf 80' lang='lat' dir='ltr'><strong>universa</strong></span> <span class='ocrx_word' id='word_1_130' title='bbox 1174 1900 1479 1972; x_wconf 85' lang='lat' dir='ltr'><strong>procedere</strong></span> <span class='ocrx_word' id='word_1_131' title='bbox 1518 1915 1587 1957; x_wconf 87' lang='lat' dir='ltr'><strong>ac</strong></span> <span class='ocrx_word' id='word_1_132' title='bbox 1624 1901 1859 1973; x_wconf 87' lang='lat' dir='ltr'><strong>moveri,</strong></span> <span class='ocrx_word' id='word_1_133' title='bbox 1894 1879 2167 1997; x_wconf 42' lang='lat'><strong>⁰233?</strong></span> 
     </span>
     <span class='ocr_line' id='line_1_18' title="bbox 157 2001 2095 2074; baseline 0.001 -16"><span class='ocrx_word' id='word_1_134' title='bbox 157 2017 354 2059; x_wconf 87' lang='lat' dir='ltr'><strong>nonne</strong></span> <span class='ocrx_word' id='word_1_135' title='bbox 394 2001 451 2060; x_wconf 92' lang='lat' dir='ltr'><strong>id</strong></span> <span class='ocrx_word' id='word_1_136' title='bbox 491 2001 663 2060; x_wconf 87' lang='lat' dir='ltr'><strong>etiam</strong></span> <span class='ocrx_word' id='word_1_137' title='bbox 691 2001 909 2060; x_wconf 85' lang='lat' dir='ltr'><strong>ratione</strong></span> <span class='ocrx_word' id='word_1_138' title='bbox 935 2002 1184 2074; x_wconf 85' lang='lat' dir='ltr'><strong>quadam</strong></span> <span class='ocrx_word' id='word_1_139' title='bbox 1211 2002 1328 2059; x_wconf 87' lang='lat' dir='ltr'><strong>Deo</strong></span> <span class='ocrx_word' id='word_1_140' title='bbox 1356 2015 1611 2074; x_wconf 83' lang='lat' dir='ltr'><strong>congrua</strong></span> <span class='ocrx_word' id='word_1_141' title='bbox 1653 2001 1857 2060; x_wconf 84' lang='lat' dir='ltr'><strong>intelli·</strong></span> <span class='ocrx_word' id='word_1_142' title='bbox 1957 2023 2095 2068; x_wconf 69' lang='lat' dir='ltr'><strong>Deus</strong></span> 
     </span>
     <span class='ocr_line' id='line_1_19' title="bbox 158 2094 2128 2173; baseline 0.002 -17"><span class='ocrx_word' id='word_1_143' title='bbox 158 2099 414 2172; x_wconf 81' lang='lat' dir='ltr'><strong>gendum</strong></span> <span class='ocrx_word' id='word_1_144' title='bbox 457 2101 584 2159; x_wconf 69' lang='lat' dir='ltr'><strong>est?</strong></span> <span class='ocrx_word' id='word_1_145' title='bbox 609 2102 708 2159; x_wconf 87' lang='lat' dir='ltr'><strong>Pie</strong></span> <span class='ocrx_word' id='word_1_146' title='bbox 735 2101 1018 2173; x_wconf 87' lang='lat' dir='ltr'><strong>siquidem</strong></span> <span class='ocrx_word' id='word_1_147' title='bbox 1061 2101 1382 2172; x_wconf 86' lang='lat' dir='ltr'><strong>putandum</strong></span> <span class='ocrx_word' id='word_1_148' title='bbox 1409 2106 1494 2159; x_wconf 89' lang='lat' dir='ltr'><strong>est</strong></span> <span class='ocrx_word' id='word_1_149' title='bbox 1522 2101 1711 2173; x_wconf 88' lang='lat' dir='ltr'><strong>ipsum</strong></span> <span class='ocrx_word' id='word_1_150' title='bbox 1737 2117 1858 2160; x_wconf 89' lang='lat' dir='ltr'><strong>mo·</strong></span> <span class='ocrx_word' id='word_1_151' title='bbox 1924 2094 2128 2140; x_wconf 70' lang='lat' dir='ltr'><strong>moveri.</strong></span> 
     </span>
     <span class='ocr_line' id='line_1_20' title="bbox 155 2198 1859 2276; baseline 0.005 -25"><span class='ocrx_word' id='word_1_152' title='bbox 155 2198 301 2269; x_wconf 72' lang='lat' dir='ltr'><strong>veri,</strong></span> <span class='ocrx_word' id='word_1_153' title='bbox 343 2213 460 2257; x_wconf 84' lang='lat' dir='ltr'><strong>non</strong></span> <span class='ocrx_word' id='word_1_154' title='bbox 501 2201 819 2258; x_wconf 89' lang='lat' dir='ltr'><strong>secundum</strong></span> <span class='ocrx_word' id='word_1_155' title='bbox 861 2199 1221 2269; x_wconf 83' lang='lat' dir='ltr'><strong>delationem,</strong></span> <span class='ocrx_word' id='word_1_156' title='bbox 1253 2199 1341 2256; x_wconf 82' lang='lat' dir='ltr'><strong>vel</strong></span> <span class='ocrx_word' id='word_1_157' title='bbox 1384 2199 1859 2276; x_wconf 83' lang='lat' dir='ltr'><strong>immutationem,</strong></span> 
     </span>
     <span class='ocr_line' id='line_1_21' title="bbox 157 2290 1857 2368; baseline 0.003 -16"><span class='ocrx_word' id='word_1_158' title='bbox 157 2296 256 2355; x_wconf 76' lang='lat' dir='ltr'><strong>vel</strong></span> <span class='ocrx_word' id='word_1_159' title='bbox 299 2290 710 2368; x_wconf 81' lang='lat' dir='ltr'><strong>alterationem,</strong></span> <span class='ocrx_word' id='word_1_160' title='bbox 737 2296 828 2354; x_wconf 73' lang='lat' dir='ltr'><strong>vel</strong></span> <span class='ocrx_word' id='word_1_161' title='bbox 857 2295 1314 2367; x_wconf 71' lang='lat' dir='ltr'><strong>conversionem,</strong></span> <span class='ocrx_word' id='word_1_162' title='bbox 1344 2301 1445 2352; x_wconf 90' lang='lat' dir='ltr'><strong>aut</strong></span> <span class='ocrx_word' id='word_1_163' title='bbox 1470 2295 1709 2356; x_wconf 81' lang='lat' dir='ltr'><strong>localem</strong></span> <span class='ocrx_word' id='word_1_164' title='bbox 1737 2315 1857 2357; x_wconf 90' lang='lat' dir='ltr'><strong>mo·</strong></span> 
     </span>
     <span class='ocr_line' id='line_1_22' title="bbox 157 2393 1859 2469; baseline 0.002 -17"><span class='ocrx_word' id='word_1_165' title='bbox 157 2402 315 2468; x_wconf 91' lang='lat' dir='ltr'><strong>tum,</strong></span> <span class='ocrx_word' id='word_1_166' title='bbox 359 2396 448 2453; x_wconf 85' lang='lat' dir='ltr'><strong>vel</strong></span> <span class='ocrx_word' id='word_1_167' title='bbox 489 2402 726 2467; x_wconf 84' lang='lat' dir='ltr'><strong>rectum,</strong></span> <span class='ocrx_word' id='word_1_168' title='bbox 773 2393 859 2454; x_wconf 70' lang='lat' dir='ltr'><strong>ve]</strong></span> <span class='ocrx_word' id='word_1_169' title='bbox 901 2394 1307 2466; x_wconf 82' lang='lat' dir='ltr'><strong>orbicularem,</strong></span> <span class='ocrx_word' id='word_1_170' title='bbox 1351 2394 1441 2452; x_wconf 86' lang='lat' dir='ltr'><strong>vel</strong></span> <span class='ocrx_word' id='word_1_171' title='bbox 1484 2410 1556 2452; x_wconf 86' lang='lat' dir='ltr'><strong>ex</strong></span> <span class='ocrx_word' id='word_1_172' title='bbox 1597 2397 1859 2469; x_wconf 85' lang='lat' dir='ltr'><strong>utrisque</strong></span> 
     </span>
     <span class='ocr_line' id='line_1_23' title="bbox 156 2491 1857 2566; baseline 0.001 -14"><span class='ocrx_word' id='word_1_173' title='bbox 156 2491 530 2566; x_wconf 72' lang='lat' dir='ltr'><strong>constantem,</strong></span> <span class='ocrx_word' id='word_1_174' title='bbox 572 2495 662 2552; x_wconf 89' lang='lat' dir='ltr'><strong>vel</strong></span> <span class='ocrx_word' id='word_1_175' title='bbox 703 2492 1108 2564; x_wconf 78' lang='lat' dir='ltr'><strong>intellectilem,</strong></span> <span class='ocrx_word' id='word_1_176' title='bbox 1149 2493 1240 2550; x_wconf 85' lang='lat' dir='ltr'><strong>vel</strong></span> <span class='ocrx_word' id='word_1_177' title='bbox 1279 2492 1605 2565; x_wconf 87' lang='lat' dir='ltr'><strong>animalem,</strong></span> <span class='ocrx_word' id='word_1_178' title='bbox 1635 2496 1725 2552; x_wconf 87' lang='lat' dir='ltr'><strong>vel</strong></span> <span class='ocrx_word' id='word_1_179' title='bbox 1754 2511 1857 2554; x_wconf 87' lang='lat' dir='ltr'><strong>na·</strong></span> 
     </span>
     <span class='ocr_line' id='line_1_24' title="bbox 153 2591 1856 2665; baseline 0.001 -13"><span class='ocrx_word' id='word_1_180' title='bbox 153 2593 423 2665; x_wconf 88' lang='lat' dir='ltr'><strong>turalem,</strong></span> <span class='ocrx_word' id='word_1_181' title='bbox 465 2594 564 2652; x_wconf 88' lang='lat' dir='ltr'><strong>sed</strong></span> <span class='ocrx_word' id='word_1_182' title='bbox 605 2594 925 2652; x_wconf 89' lang='lat' dir='ltr'><strong>secundum</strong></span> <span class='ocrx_word' id='word_1_183' title='bbox 966 2591 1124 2664; x_wconf 83' lang='lat' dir='ltr'><strong>quod</strong></span> <span class='ocrx_word' id='word_1_184' title='bbox 1160 2591 1316 2650; x_wconf 87' lang='lat' dir='ltr'><strong>Deus</strong></span> <span class='ocrx_word' id='word_1_185' title='bbox 1354 2593 1544 2650; x_wconf 88' lang='lat' dir='ltr'><strong>omnia</strong></span> <span class='ocrx_word' id='word_1_186' title='bbox 1571 2592 1631 2650; x_wconf 91' lang='lat' dir='ltr'><strong>in</strong></span> <span class='ocrx_word' id='word_1_187' title='bbox 1659 2609 1856 2654; x_wconf 89' lang='lat' dir='ltr'><strong>rerum</strong></span> 
     </span>
     <span class='ocr_line' id='line_1_25' title="bbox 153 2690 1855 2770; baseline 0.001 -19"><span class='ocrx_word' id='word_1_188' title='bbox 153 2700 425 2752; x_wconf 87' lang='lat' dir='ltr'><strong>naturam</strong></span> <span class='ocrx_word' id='word_1_189' title='bbox 452 2691 713 2764; x_wconf 80' lang='lat' dir='ltr'><strong>producit</strong></span> <span class='ocrx_word' id='word_1_190' title='bbox 739 2691 1121 2770; x_wconf 84' lang='lat' dir='ltr'><strong>continetque,</strong></span> <span class='ocrx_word' id='word_1_191' title='bbox 1148 2697 1322 2763; x_wconf 87' lang='lat' dir='ltr'><strong>atque</strong></span> <span class='ocrx_word' id='word_1_192' title='bbox 1362 2690 1630 2750; x_wconf 88' lang='lat' dir='ltr'><strong>omnibus</strong></span> <span class='ocrx_word' id='word_1_193' title='bbox 1670 2694 1855 2753; x_wconf 84' lang='lat' dir='ltr'><strong>modis</strong></span> 
     </span>
     <span class='ocr_line' id='line_1_26' title="bbox 154 2789 1853 2864; baseline 0.001 -15"><span class='ocrx_word' id='word_1_194' title='bbox 154 2791 330 2849; x_wconf 87' lang='lat' dir='ltr'><strong>rebus</strong></span> <span class='ocrx_word' id='word_1_195' title='bbox 372 2790 638 2848; x_wconf 70' lang='lat' dir='ltr'><strong>(smnihus</strong></span> <span class='ocrx_word' id='word_1_196' title='bbox 679 2789 964 2861; x_wconf 85' lang='lat' dir='ltr'><strong>providet,</strong></span> <span class='ocrx_word' id='word_1_197' title='bbox 1007 2789 1276 2849; x_wconf 88' lang='lat' dir='ltr'><strong>omnibus</strong></span> <span class='ocrx_word' id='word_1_198' title='bbox 1327 2790 1489 2846; x_wconf 86' lang='lat' dir='ltr'><strong>adest</strong></span> <span class='ocrx_word' id='word_1_199' title='bbox 1538 2791 1853 2864; x_wconf 81' lang='lat' dir='ltr'><strong>incompre-</strong></span> 
     </span>
     <span class='ocr_line' id='line_1_27' title="bbox 155 2887 1853 2960; baseline 0.001 -14"><span class='ocrx_word' id='word_1_200' title='bbox 155 2888 339 2946; x_wconf 83' lang='lat' dir='ltr'><strong>hense</strong></span> <span class='ocrx_word' id='word_1_201' title='bbox 365 2889 558 2946; x_wconf 88' lang='lat' dir='ltr'><strong>omnia</strong></span> <span class='ocrx_word' id='word_1_202' title='bbox 581 2887 1029 2959; x_wconf 81' lang='lat' dir='ltr'><strong>complectendo,</strong></span> <span class='ocrx_word' id='word_1_203' title='bbox 1055 2888 1234 2960; x_wconf 83' lang='lat' dir='ltr'><strong>idque</strong></span> <span class='ocrx_word' id='word_1_204' title='bbox 1257 2887 1528 2946; x_wconf 85' lang='lat' dir='ltr'><strong>omnibus</strong></span> <span class='ocrx_word' id='word_1_205' title='bbox 1553 2890 1853 2960; x_wconf 86' lang='lat' dir='ltr'><strong>providen-</strong></span> 
     </span>
     <span class='ocr_line' id='line_1_28' title="bbox 153 2985 2151 3060; baseline 0.005 -16"><span class='ocrx_word' id='word_1_206' title='bbox 153 2987 250 3044; x_wconf 81' lang='lat' dir='ltr'><strong>tiae</strong></span> <span class='ocrx_word' id='word_1_207' title='bbox 306 2986 414 3044; x_wconf 83' lang='lat' dir='ltr'><strong>viis</strong></span> <span class='ocrx_word' id='word_1_208' title='bbox 469 2992 524 3044; x_wconf 87' lang='lat' dir='ltr'><strong>et</strong></span> <span class='ocrx_word' id='word_1_209' title='bbox 575 2985 1018 3056; x_wconf 85' lang='lat' dir='ltr'><strong>operationibus.</strong></span> <span class='ocrx_word' id='word_1_210' title='bbox 1073 2985 1228 3054; x_wconf 86' lang='lat' dir='ltr'><strong>Quin</strong></span> <span class='ocrx_word' id='word_1_211' title='bbox 1285 2993 1344 3044; x_wconf 85' lang='lat' dir='ltr'><strong>et</strong></span> <span class='ocrx_word' id='word_1_212' title='bbox 1394 2987 1702 3046; x_wconf 84' lang='lat' dir='ltr'><strong>immobilis</strong></span> <span class='ocrx_word' id='word_1_213' title='bbox 1750 2989 1855 3048; x_wconf 88' lang='lat' dir='ltr'><strong>Dei</strong></span> <span class='ocrx_word' id='word_1_214' title='bbox 1898 3005 2151 3060; x_wconf 74' lang='lat' dir='ltr'><strong>Quomodo</strong></span> 
     </span>
     <span class='ocr_line' id='line_1_29' title="bbox 153 3078 2096 3160; baseline 0.003 -18"><span class='ocrx_word' id='word_1_215' title='bbox 153 3091 348 3142; x_wconf 89' lang='lat' dir='ltr'><strong>motus</strong></span> <span class='ocrx_word' id='word_1_216' title='bbox 389 3085 608 3142; x_wconf 87' lang='lat' dir='ltr'><strong>ratione</strong></span> <span class='ocrx_word' id='word_1_217' title='bbox 649 3085 900 3156; x_wconf 84' lang='lat' dir='ltr'><strong>quadam</strong></span> <span class='ocrx_word' id='word_1_218' title='bbox 939 3085 1058 3142; x_wconf 89' lang='lat' dir='ltr'><strong>Deo</strong></span> <span class='ocrx_word' id='word_1_219' title='bbox 1097 3085 1456 3144; x_wconf 83' lang='lat' dir='ltr'><strong>convenienti</strong></span> <span class='ocrx_word' id='word_1_220' title='bbox 1496 3087 1673 3159; x_wconf 87' lang='lat' dir='ltr'><strong>possit</strong></span> <span class='ocrx_word' id='word_1_221' title='bbox 1710 3103 1855 3160; x_wconf 83' lang='lat' dir='ltr'><strong>prae·</strong></span> <span class='ocrx_word' id='word_1_222' title='bbox 1973 3078 2096 3158; x_wconf 76' lang='lat'><strong>¹²⁶⁰,</strong></span> 
     </span>
     <span class='ocr_line' id='line_1_30' title="bbox 155 3155 2149 3276; baseline 0.003 -36"><span class='ocrx_word' id='word_1_223' title='bbox 155 3183 353 3240; x_wconf 87' lang='lat' dir='ltr'><strong>dicari.</strong></span> <span class='ocrx_word' id='word_1_224' title='bbox 397 3182 480 3238; x_wconf 89' lang='lat' dir='ltr'><strong>Ac</strong></span> <span class='ocrx_word' id='word_1_225' title='bbox 521 3177 720 3240; x_wconf 84' lang='lat' dir='ltr'><strong>rectus‘</strong></span> <span class='ocrx_word' id='word_1_226' title='bbox 749 3183 984 3253; x_wconf 86' lang='lat' dir='ltr'><strong>quidem</strong></span> <span class='ocrx_word' id='word_1_227' title='bbox 1005 3179 1418 3255; x_wconf 80' lang='lat' dir='ltr'><strong>intelligendus</strong></span> <span class='ocrx_word' id='word_1_228' title='bbox 1460 3186 1531 3243; x_wconf 88' lang='lat' dir='ltr'><strong>de</strong></span> <span class='ocrx_word' id='word_1_229' title='bbox 1572 3187 1854 3246; x_wconf 82' lang='lat' dir='ltr'><strong>inflexibi-</strong></span> <span class='ocrx_word' id='word_1_230' title='bbox 1893 3155 2149 3276; x_wconf 45' lang='lat'><strong>⁰2:232?</strong></span> 
     </span>
     <span class='ocr_line' id='line_1_31' title="bbox 152 3279 2109 3367; baseline -0.001 -29"><span class='ocrx_word' id='word_1_231' title='bbox 152 3281 313 3340; x_wconf 84' lang='lat' dir='ltr'><strong>litate</strong></span> <span class='ocrx_word' id='word_1_232' title='bbox 341 3287 396 3338; x_wconf 88' lang='lat' dir='ltr'><strong>et</strong></span> <span class='ocrx_word' id='word_1_233' title='bbox 423 3279 810 3367; x_wconf 82' lang='lat' dir='ltr'><strong>indeclinabili</strong></span> <span class='ocrx_word' id='word_1_234' title='bbox 852 3293 1157 3353; x_wconf 84' lang='lat' dir='ltr'><strong>progressu</strong></span> <span class='ocrx_word' id='word_1_235' title='bbox 1199 3283 1590 3352; x_wconf 84' lang='lat' dir='ltr'><strong>operationum</strong></span> <span class='ocrx_word' id='word_1_236' title='bbox 1608 3329 1625 3356; x_wconf 95' lang='lat'><strong>,</strong></span> <span class='ocrx_word' id='word_1_237' title='bbox 1654 3299 1854 3358; x_wconf 84' lang='lat' dir='ltr'><strong>eoque,</strong></span> <span class='ocrx_word' id='word_1_238' title='bbox 1932 3298 2109 3336; x_wconf 73' lang='lat' dir='ltr'><strong>motus.</strong></span> 
     </span>
     <span class='ocr_line' id='line_1_32' title="bbox 154 3379 1907 3458; baseline 0.002 -19"><span class='ocrx_word' id='word_1_239' title='bbox 154 3381 258 3454; x_wconf 88' lang='lat' dir='ltr'><strong>qui</strong></span> <span class='ocrx_word' id='word_1_240' title='bbox 301 3395 374 3439; x_wconf 85' lang='lat' dir='ltr'><strong>ex</strong></span> <span class='ocrx_word' id='word_1_241' title='bbox 416 3379 536 3453; x_wconf 84' lang='lat' dir='ltr'><strong>ipso</strong></span> <span class='ocrx_word' id='word_1_242' title='bbox 578 3385 680 3451; x_wconf 87' lang='lat' dir='ltr'><strong>est,</strong></span> <span class='ocrx_word' id='word_1_243' title='bbox 722 3393 916 3438; x_wconf 89' lang='lat' dir='ltr'><strong>rerum</strong></span> <span class='ocrx_word' id='word_1_244' title='bbox 957 3380 1215 3438; x_wconf 89' lang='lat' dir='ltr'><strong>omnium</strong></span> <span class='ocrx_word' id='word_1_245' title='bbox 1257 3387 1420 3454; x_wconf 86' lang='lat' dir='ltr'><strong>ortu;</strong></span> <span class='ocrx_word' id='word_1_246' title='bbox 1454 3383 1725 3456; x_wconf 79' lang='lat' dir='ltr'><strong>obliquus</strong></span> <span class='ocrx_word' id='word_1_247' title='bbox 1750 3397 1850 3443; x_wconf 86' lang='lat' dir='ltr'><strong>au·</strong></span> <span class='ocrx_word' id='word_1_248' title='bbox 1900 3453 1907 3458; x_wconf 24' lang='lat'><strong><em>³</em></strong></span> 
     </span>
    </p>
   </div>
   <div class='ocr_carea' id='block_1_3' title="bbox 1543 3483 1612 3540">
    <p class='ocr_par' dir='ltr' id='par_1_5' title="bbox 1543 3483 1612 3540">
     <span class='ocr_line' id='line_1_33' title="bbox 1543 3483 1612 3540; baseline 0 0"><span class='ocrx_word' id='word_1_249' title='bbox 1543 3483 1612 3540; x_wconf 83' lang='lat'><strong>16</strong></span> 
     </span>
    </p>
   </div>
  </div>
 </body>
</html>
