2667 4259
889 74 914 86 ae

548 279 616 320 DE
646 251 854 320 mv'ixis
883 280 1182 336 xonmmus
1214 295 1292 334 -,
1318 280 1495 324 emur
1526 281 1601 324 xi.
1797 268 1907 326 ⁶247

301 377 394 446 ,Ac
433 380 683 452 primum
738 382 968 452 quidem
1020 383 1126 440 hoc
1169 384 1483 468 dicendum·
1521 365 1741 455 es‚t,‚ut
1780 400 1912 442 cum
2012 397 2057 451 s.
2098 397 2144 440 2.

229 495 334 550 per
374 493 433 535 se
473 467 646 549 pacis,
691 486 814 537 tum
856 479 1196 538 universalis
1236 497 1302 540 ac
1344 481 1699 553 particularis
1740 483 1911 554 paciS,
1959 466 2209 582 θ’ῗξῇζάο

191 573 462 634 'effector
504 578 736 658 sit-ipse
777 571 946 660 Deus,
977 586 1030 636 et
1071 586 1134 635 ut
1175 580 1366 637 omnia
1407 579 1554 662 inter
1592 596 1652 637 se
1692 567 1911 652 mutuo,
1983 608 2183 665 pacifice

227 677 462 732 minime
503 677 740 733 confusa
781 675 1032 748 ipsorum
1067 675 1215 736 inter
1241 694 1300 736 se
1328 689 1529 736 mutuo
1563 681 1909 752 conjunctio·
1994 688 2163 760 cuneta

225 777 332 875 ne,
360 777 751 864 commisceat3
805 792 918 848 qua
970 769 1749 848 conjunctionecohaerentia
1790 773 1913 856 siue
1946 751 2207 795 coordinat.
2273 813 2276 816 -

219 875 501 944 ⁸divisione
543 881 596 932 et
637 875 920 947 distantia,
951 873 1178 948 singula
1206 864 1395 933 tamen
1430 875 1747 944 secundum
1783 866 1910 949 pros-

219 974 402 1043 priam
446 975 688 1044 speciem
740 990 885 1046 pura
935 958 1286 1047 consistunt,
1346 990 1447 1046 per
1495 965 1910 1034 concretionem

222 1071 640 1142 contrariorum
683 1073 918 1130 minime
961 1075 1304 1153 perturbata,
1343 1074 1611 1145 quoniam
1655 1060 1909 1132 exactam

222 1171 388 1228 istam
418 1165 687 1228 unionem
717 1186 782 1226 ac
809 1161 1112 1244 puritatem
1141 1172 1282 1228 nihil
1313 1164 1693 1245 interrumpit.
1726 1167 1909 1247 Unam

224 1253 404 1340 igitur
439 1283 680 1340 eamque
719 1265 1032 1340 simplicem
1083 1277 1349 1326 naturam
1390 1271 1641 1341 pacificae
1681 1272 1911 1328 unionis

223 1367 690 1438 contemplemur,
727 1367 832 1424 sibi
877 1367 984 1438 ipsi
1025 1375 1078 1423 et
1120 1367 1232 1432 illis
1273 1368 1627 1439 ipsis.atque
1669 1369 1912 1426 invicem

211 1467 414 1548 §omnia
443 1464 830 1536 copulantem,
848 1467 965 1523 'nec
992 1482 1108 1523 non
1138 1445 1406 1526 universa
1435 1465 1736 1541 complexu
1765 1483 1910 1540 quo-

222 1566 354 1621 dam
397 1565 652 1622 omnium
696 1565 996 1622 inconfuso
1031 1573 1450 1640 contemperata
1490 1568 1701 1638 pariter
1739 1575 1913 1638 atque

226 1665 592 1735 impermixta
634 1655 1079 1724 conservantem.
1116 1665 1225 1722 Per
1265 1650 1415 1723 hanc
1454 1667 1660 1744 ‹livinae
1693 1674 1912 1724 mentes

222 1761 530 1833 copulatae,
583 1763 704 1819 silis
755 1764 892 1834 ipsae
943 1752 1082 1820 cum'
1130 1763 1517 1843 intelligentiis
1568 1773 1688 1821 tum
1739 1765 1912 1840 reb-us

221 1860 525 1920 intellectis
569 1865 1033 1939 conjunguntur,
1074 1871 1246 1935 atque
1288 1842 1476 1922 denu'o
1517 1866 1799 1947 scandunt
1839 1867 1911 1948 aii
1948 1921 1957 1930 ,

221 1951 576 2033 incognitum
617 1976 815 2018 eorum
859 1976 988 2033 quae
1029 1962 1205 2019 menti
1225 1955 1679 2039 supereminent,-
1720 1950 1907 2020 conta-

221 2067 398 2116 ctum.
442 2059 550 2115 Per
599 2041 748 2117 lianc
799 2059 1035 2132 animae,
1087 2053 1433 2134 multigenas
1484 2077 1615 2118 suas
1664 2049 1912 2138 rationes

221 2159 625 2230 connectendO,
668 2159 740 2214 ad
783 2160 1090 2229 quamdam
1125 2158 1439 2230 spiritalem
1480 2162 1781 2230 puritatem
1825 2161 1910 2217 re‘·

222 2256 420 2326 dactae,
463 2255 796 2325 procedunt,
830 2255 940 2311 sihi
982 2255 1209 2326 propria
1237 2256 1328 2312 via
1358 2262 1411 2312 et
1438 2258 1651 2340 ordine,
1681 2273 1781 2328 per
1796 2239 1910 2316 ‘im-

209 2349 572 2410 'materialem
617 2361 790 2426 atque
832 2353 1132 2430 indivisam
1163 2352 1610 2425 intelligentiam,
1640 2355 1710 2410 ad
1748 2335 1911 2413 unio·

223 2468 356 2509 nem
414 2454 718 2524 quamdam
777 2450 1151 2524 intelligentia
1199 2453 1564 2523 superiorem.
1608 2453 1716 2510 Per
1766 2454 1914 2511 hanc

223 2567 344 2610 una
383 2552 656 2618 omnium,
685 2558 740 2610 et
781 2550 1192 2610 indissolubilis
1233 2551 1531 2626 connexio,
1560 2551 1727 2624 juxta
1770 2553 1910 2638 divi-

223 2666 358 2707 nam
403 2651 580 2722 ipsius
623 2651 1084 2722 congruentiam,
1134 2635 1356 2720 existit,
1398 2652 1736 2724 etperfecto
1778 2642 1909 2729 co'n-

223 2756 396 2806 centu
437 2763 504 2806 ac
545 2749 846 2808 concordia
888 2737 1375 2819 consensioneque
1421 2755 1729 2820 coaptatur,
1772 2750 1912 2808 dum

223 2827 350 2904 sine
390 2847 724 2906 confusione
765 2845 1069 2918 colligitur,
1099 2862 1165 2904 ac
1207 2848 1328 2904 sine
1370 2846 1739 2905 dissolutione
1779 2862 1909 2905 con-

225 2946 457 3002 tinetur.
501 2947 798 3018 Integritas
841 2945 1114 3002 nimirum
1156 2943 1419 3016 perfectae
1452 2944 1622 3018 paciS‚
1653 2961 1752 3018 per
1780 2947 1911 3004 sim·
1958 2971 2235 3026 Quomodo·

224 3044 591 3114 plicissimam
648 3058 810 3100 suam
861 3056 1196 3114 meramque
1237 3043 1464 3102 virtutis
1506 3046 1731 3102 unificae
1770 3061 1912 3119 prae-
2000 3043 2166 3089 divina

225 3143 498 3212 sentiam,
557 3143 627 3198 ad
679 3154 744 3198 ea
795 3155 926 3212 quae
977 3127 1113 3197 sunt
1154 3139 1681 3232 omniapertin'git,
1725 3145 1916 3201 omnia
1944 3183 2008 3234 ad
2026 3127 2219 3230 pffrznia

224 3241 615 3312 conjungenS,
660 3247 714 3297 et
769 3239 1036 3312 extremis
1091 3246 1345 3297 extrema
1399 3246 1499 3313 per
1552 3243 1738 3300 media
1784 3259 1915 3302 con·
1938 3255 2201 3315 pertinyoet.

226 3346 459 3396 nectens
497 3341 812 3397 secundum
869 3339 1094 3396 unicam
1145 3339 1572 3398 connaturalem
1611 3342 1915 3401 amicitiam
