2667 4259
684 280 821 339 214
1000 276 1007 285 ’
1178 293 1231 335 s,
1270 291 1524 335 monrsu
1566 290 1946 335 anseranum:

706 400 905 457 dinem
944 397 1219 469 divinam,
1260 403 1317 454 et
1345 412 1736 467 quaecumque
1761 396 1874 454 alia
1901 394 2321 467 participantur
2347 396 2425 453 ab

412 566 421 573 ,
597 500 603 505 ’
634 568 643 577 .
706 497 781 554 iis
823 511 955 568 quae
996 502 1151 567 sunt,
1193 502 1327 551 ante
1369 508 1601 553 omnem
1641 496 1734 553 sui
1767 495 2265 566 partieimtionem
2293 508 2426 564 par-

709 596 949 668 ticipant
990 610 1143 653 esse:
1186 594 1303 653 imo
1345 590 1481 651 vero
1523 596 1694 675 etiam
1749 594 1874 664 ipsa
1925 594 2248 651 secundum
2288 606 2428 663 quae

708 700 851 751 sunt
892 693 1115 764 omn-ia,
1158 706 1293 763 quae
1347 692 1420 749 ab
1471 691 1542 748 iis
1598 704 1730 761 quae
1773 697 1920 747 sunt
1973 691 2424 762 participantur,

708 791 906 862 ipsum
948 804 1050 861 per
1090 804 1153 847 se
1184 804 1317 849 esse
1371 790 1713 861 participant
1723 805 1741 859 3
1787 795 1850 846 et
1897 787 2044 847 nihii
2097 794 2210 859 est,
2253 788 2426 861 eujus

708 872 905 960 ipsum
942 902 1049 959 per
1086 903 1151 946 se
1192 904 1315 945 esse
1355 902 1476 945 non
1517 890 1591 945 sit
1625 886 1880 947 essentia
1919 897 1976 945 et
2017 902 2224 945 aevum.
2267 887 2428 944 Deus

706 987 891 1059 igitur
923 1001 1065 1043 cum
1106 987 1197 1055 sit,
1240 993 1305 1043 ut
1341 992 1798 1045 consentaneum
1839 992 1943 1057 est,
1979 986 2256 1043 omnihus
2295 985 2427 1043 aliis

710 1085 895 1155 magis
936 1084 1307 1155 principialis,
1351 1084 1424 1140 ab
1463 1084 1789 1154 antiquiore
1815 1084 1966 1141 dono
2004 1098 2113 1141 suo
2155 1083 2430 1141 laudatur

452 1181 633 1239 Ipsum
712 1185 778 1235 ut
816 1192 950 1251 ens3
994 1179 1280 1249 siquidem
1308 1180 1472 1250 prius
1496 1194 1626 1237 esse
1653 1187 1708 1237 et
1737 1179 2110 1237 excellentius
2137 1194 2263 1237 esse
2291 1194 2429 1237 cum

421 1262 666 1380 :2355ss
708 1278 875 1349 prius
912 1278 1121 1336 habeat
1156 1284 1219 1335 et
1258 1278 1635 1337 excellentius
1671 1279 1899 1351 haheat,
1928 1278 2089 1351 pnius
2131 1279 2263 1335 fecit
2303 1292 2432 1335 esse

451 1392 637 1437 simum
704 1376 887 1447 quod
914 1383 1019 1447 est,
1062 1376 1257 1447 ipsum
1292 1377 1538 1447 inquam
1579 1390 1682 1447 per
1718 1391 1784 1433 se
1818 1390 1966 1447 esse,
1989 1382 2053 1434 et
2091 1375 2195 1447 pei·
2235 1376 2432 1446 ipsum

492 1462 590 1508 1³⁶⁶
702 1490 885 1533 omne
913 1475 1071 1546 quod
1099 1476 1646 1547 quomodocumque
1673 1482 1776 1546 est,
1799 1476 2050 1533 existere
2076 1475 2224 1533 fecit.
2249 1474 2434 1545 Atqui

442 1532 641 1579 donum.
704 1572 996 1643 principia
1036 1586 1238 1629 eorum
1282 1586 1415 1642 quae
1455 1578 1610 1644 sunt,
1643 1572 1849 1629 omnia
1887 1572 2232 1645 participant
2271 1586 2431 1649 esse,

708 1677 770 1728 et
803 1676 958 1740 sunt,
989 1676 1043 1727 et
1068 1669 1352 1741 principia
1380 1676 1546 1742 sunt3
1577 1676 1633 1727 et
1659 1670 1914 1742 primum
1943 1676 2099 1740 sunt,
2143 1676 2199 1726 et
2231 1678 2435 1741 postea

722 1768 1004 1840 principia
1042 1775 1197 1826 sunt.
1230 1769 1302 1825 Et
1330 1769 1379 1825 si
1406 1768 1494 1827 vis
1523 1768 1862 1839 viventium,
1891 1774 2180 1839 quatenus
2207 1769 2432 1841 vivunt,

700 1868 1067 1939 principium
1103 1867 1297 1925 dicere
1336 1881 1444 1937 per
1483 1882 1546 1924 se
1585 1867 1790 1937 vitam;
1833 1872 1890 1924 et
1931 1867 2210 1925 similium
2224 1891 2252 1939 ,·
2285 1882 2430 1941 qua·

702 1973 889 2025 1tenus
930 1965 1145 2023 simiiia
1184 1972 1353 2035 sunt,
1398 1979 1500 2035 per
1539 1980 1602 2023 se
1641 1944 2080 2023 similitudinem
2094 1984 2114 2038 3
2143 1972 2216 2037 ,et
2255 1982 2430 2038 copu-

715 2062 985 2133 latorum,
1029 2068 1317 2133 quatenus
1359 2062 1626 2134 copulata
1665 2070 1829 2135 sunt,
1873 2078 1976 2135 per
2015 2078 2078 2122 se
2117 2064 2432 2135 copulatio-

718 2176 855 2233 nem
866 2176 885 2231 3
928 2166 984 2217 et
1026 2161 1443 2233 ordinatorum,
1485 2167 1776 2231 quatenus
1818 2162 2080 2219 ordinata
2119 2168 2285 2235 sunt,
2329 2176 2436 2234 per

718 2273 781 2315 se
820 2258 1239 2315 ordinationem
1252 2275 1272 2331 3
1328 2265 1385 2315 et
1423 2258 1688 2319 similiter
1729 2260 1790 2317 in
1831 2260 1993 2332 aliiS,
2047 2274 2436 2331 quaecumque

724 2358 835 2415 hoe
872 2365 973 2415 aut
1016 2356 1179 2431 iliud,
1218 2364 1323 2416 aut
1351 2357 1684 2432 utrumque,
1707 2367 1814 2417 aut
1837 2361 2026 2418 multa
2065 2361 2434 2433 participant,

714 2462 777 2515 et
812 2456 928 2515 hoc
966 2464 1066 2515 aut
1108 2458 1272 2529 illud,
1303 2458 1396 2515 vei
1424 2464 1742 2530 utrumque
1777 2465 1883 2518 aut
1923 2459 2110 2518 multa
2135 2467 2275 2517 sunt
2303 2474 2433 2531 par·

671 2612 685 2621 ,
721 2555 983 2627 tieipata,
1027 2556 1300 2628 reperieS,
1357 2570 1460 2627 per
1511 2572 1577 2615 se
1627 2558 2120 2630 participationes,
2176 2559 2428 2630 primum

640 2690 644 2697 -
719 2652 1064 2726 participare
1116 2666 1267 2725 esse,
1320 2660 1376 2711 et
1429 2652 1514 2711 sie
1561 2655 1816 2726 primum
1869 2670 1995 2715 esse
2048 2658 2206 2727 quod
2255 2664 2397 2714 sunt
2417 2700 2435 2728 ,

714 2751 929 2809 deinde
970 2750 1160 2824 hujus·
1185 2757 1287 2809 aut
1326 2751 1484 2808 illius
1512 2752 1793 2823 principia
1817 2767 1959 2824 esse,
2004 2758 2060 2810 et
2085 2753 2438 2825 participan-

706 2848 797 2906 ··do
836 2865 978 2920 esse,
1014 2850 1295 2919 existere·
1316 2854 1372 2906 et
1411 2848 1758 2921 participari.
1791 2849 1852 2907 Si
1879 2856 2078 2923 autem
2102 2851 2230 2925 haec
2256 2848 2279 2923 (
2302 2865 2440 2922 quae

707 2946 970 3004 -aliorum
1012 2946 1294 3017 principia
1330 2952 1720 3004 numerantur
1747 2947 1768 3021 )
1797 2961 1902 3019 per
1939 2948 2439 3019 participationem

704 3044 907 3115 *ipsius
934 3058 1057 3101 esse
1084 3045 1352 3117 existant,
1394 3044 1580 3103 multo
1607 3030 1953 3119 mag-isquae
1979 3047 2106 3119 ipsa
2149 3046 2248 3104 iila
2277 3047 2439 3118 prin-

710 3142 869 3215 cipia
908 3143 1264 3214 participant.
1958 3140 1961 3145 '

468 3217 647 3345 {3335
800 3242 1063 3299 Primum
1107 3242 1284 3314 igitur
1325 3243 1544 3300 donum
1596 3256 1698 3315 per
1725 3256 1812 3312 Xse
1862 3255 1986 3301 esse
2038 3257 2174 3302 eum
2231 3258 2337 3315 per
2375 3260 2446 3302 se

459 3369 569 3405 me
602 3364 654 3405 ec
720 3338 823 3400 iila
860 3352 1217 3415 supraquam
1266 3340 1493 3402 bonitas
1541 3342 1850 3416 producat,
1903 3342 2109 3403 merito
2157 3342 2234 3403 ab
2283 3343 2440 3401 anti·
