2667 4259
410 234 481 276 no
509 233 720 275 mvims
749 232 1054 277 Nouimous
1084 247 1159 261 —
1188 231 1372 277 CAPUT
1402 232 1474 273 iv.
1507 276 1528 289 a
1683 219 1796 275 189

99 336 397 397 liberetur:
442 344 496 395 et
539 336 599 393 in
641 334 806 392 nobis
847 348 1069 407 rursuS,
1115 334 1218 391 ubi
1259 346 1656 405 saepenumero
1696 334 1799 389 ali-

98 435 237 503 quid
278 434 593 505 absurdum
642 432 903 491 homines
955 439 1121 489 terrae
1171 430 1333 489 affixi
1385 431 1633 502 cogitare
1673 444 1800 501 pos-

97 539 235 603 sent,
278 533 511 603 ponitur
551 545 763 588 nomen
806 530 961 601 quod
1002 530 1299 587 honestius
1341 530 1598 596 videtur:
1643 529 1798 587 Ceci·
1833 538 1881 582 2.
1921 540 2108 599 Reg.1.

99 630 205 700 dit,
248 631 329 689 ait
372 630 637 700 quidam,
681 628 907 687 dilectio
948 634 1049 685 tua
1099 628 1161 685 in
1211 642 1357 699 me,
1377 627 1526 683 sicut
1569 625 1800 687 dilectio
1875 648 1888 659 ·

97 728 423 801 mulierum,
466 728 741 799 quoniam
777 726 930 785 sacri
971 725 1241 797 Theologi
1288 738 1502 782 nomen
1543 722 1796 781 dilectio·

98 825 183 881 nis
222 832 283 883 et
318 827 530 883 amoris
574 824 1217 883 adhihent·secundum
1258 822 1483 882 divinas
1527 821 1796 878 elocutio·
1850 854 1858 865 x

99 935 219 994 neat,
261 930 329 979 ut
368 924 627 979 eamdem
666 923 786 981 ‘vim
826 922 1073 981 habeant
1124 920 1278 990 apud
1320 932 1417 975 eos
1460 918 1562 988 qui
1603 918 1800 975 divina
1875 977 1890 990 ‚

98 1025 241 1075 recte
282 1020 546 1077 audiunt.
587 1020 805 1088 Estque
830 1007 939 1077 hoc
966 1016 1193 1074 virtutis
1228 1015 1534 1087 cujusdam
1567 1014 1798 1071 unificae

98 1129 159 1171 ac
198 1116 511 1174 collectivae
552 1114 1015 1185 excellenterque
1047 1112 1545 1182 contemperantis
1575 1124 1706 1181 quae
1735 1111 1796 1167 in

96 1212 333 1280 pulchro
368 1221 423 1271 et
461 1216 611 1271 bono
648 1226 751 1283 per
789 1212 1095 1282 pulchrum
1124 1216 1181 1269 et
1208 1210 1426 1271 bonum
1466 1208 1798 1281 praeexistit,

98 1315 148 1364 et
184 1322 257 1365 ex
298 1310 541 1381 pulchro
582 1316 639 1366 et
678 1310 829 1367 bono
870 1315 1102 1379 propter
1128 1308 1438 1379 pulchrum
1481 1312 1538 1363 et
1576 1305 1798 1363 bonum

100 1398 353 1477 emanat,
396 1405 767 1475 continetque
814 1388 1049 1476 quidem
1098 1404 1350 1475 aequalia
1390 1417 1493 1473 per
1532 1408 1806 1462 mutuam.

97 1503 511 1561 connexionem
527 1546 543 1573 ,
598 1504 895 1573 superiora
934 1516 1070 1559 vero
1110 1503 1185 1561 ad
1228 1502 1566 1559 inferiorum
1606 1505 1800 1557 movet

94 1598 524 1667 providentiam,
542 1598 809 1654 inferiora
829 1612 997 1667 porro
1018 1612 1120 1667 per
1140 1598 1575 1657 conversionem
1599 1608 1797 1667 quam·

94 1692 220 1747 dam
264 1694 657 1775 superioribus
701 1693 915 1749 inserit.

166 1788 269 1845 Est
312 1796 587 1859 praeterea
636 1788 869 1846 divinus
920 1802 1083 1847 amor
1132 1790 1465 1860 ecstaticuS,
1522 1790 1622 1860 qui
1676 1800 1794 1847 non
1877 1810 1924 1865 g,
1964 1810 2049 1855 13,

98 1884 223 1940 sinit
262 1901 391 1943 esse
431 1900 569 1957 suos
608 1900 705 1944 eos
762 1887 862 1957 qui
914 1893 1055 1943 sunt
1093 1884 1408 1959 amatoreS,
1451 1887 1552 1944 sed
1593 1900 1796 1944 eorum
1837 1878 1994 1960 Amr,
2017 1886 2094 1924 ⁶⁸²

100 1992 233 2047 quos
276 1988 489 2039 amant.
520 1982 713 2053 Atque-
738 1982 847 2041 hoc
874 1982 1167 2041 declarant
1201 1984 1438 2053 quidem
1479 1983 1796 2054 superiora,
1825 1957 2096 1995 ⁶⁶⁸'a''⁰¹'³'

100 2089 217 2144 quae
256 2080 595 2139 inferiorum
640 2082 805 2151 fiunt,
836 2096 937 2151 per
965 2082 1300 2139 eorumdem
1342 2081 1794 2151 providentiam3

101 2179 147 2226 et
184 2190 311 2245 quae
352 2177 613 2248 ejusdem
668 2179 893 2248 generis
944 2184 1110 2247 sunt,
1162 2192 1264 2246 per
1304 2186 1570 2235 mutuam
1611 2180 1796 2237 cohae-

102 2271 327 2329 rentiam
340 2289 361 2343 3
407 2279 463 2330 et
504 2272 804 2342 inferiora,
858 2286 959 2341 per
998 2272 1339 2329 diviniorem
1381 2272 1454 2329 ad
1495 2274 1794 2342 superiora

7 2380 9 2389 ·
101 2370 535 2427 conversionem.
572 2368 735 2425 Unde
776 2367 1007 2425 divinus
1034 2366 1251 2423 Paulus
1278 2366 1474 2423 divino
1501 2366 1609 2423 isto
1634 2382 1796 2423 ‚amo—

102 2472 155 2515 re
192 2472 407 2538 captae,
452 2473 507 2524 et
547 2465 778 2522 virtutis
820 2463 1097 2523 ecstaticae
1138 2464 1423 2534 particeps
1463 2462 1666 2534 factus„
1710 2461 1796 2519 di·-

101 2559 221 2618 vino
261 2580 363 2623 ore
405 2567 513 2623 ait:
564 2566 695 2622 Viuo
738 2580 863 2637 eqo,
898 2564 1025 2635 jam
1060 2580 1171 2623 non
1212 2578 1344 2635 eqo,
1385 2563 1528 2619 vivit
1565 2578 1694 2619 vero
1735 2564 1796 2619 in
1849 2571 1997 2617 Galat.
2027 2574 2082 2618 2.-

100 2669 173 2712 ἠε
214 2660 466 2721 Christus
478 2679 502 2731 ;
544 2669 843 2732 tamquam
876 2675 1049 2719 verus
1077 2667 1314 2731 amator,
1358 2667 1414 2717 et
1455 2660 1556 2730 qui
1597 2674 1800 2717 exces·-
1922 2643 2003 2686 ²³⁰·

102 2752 191 2825 sit,
228 2765 294 2815 ut
336 2760 459 2831 ipse
500 2760 609 2830 ait,
651 2760 787 2829 Deo,
831 2765 886 2815 et
927 2772 1045 2815 non
1082 2758 1203 2829 jam
1248 2757 1421 2815 vitam
1461 2770 1646 2827 suam,
1689 2757 1792 2827 sed

103 2857 259 2913 amati
297 2864 600 2928 tamquam
626 2856 991 2913 vehementer
1016 2857 1283 2915 dilectam
1310 2855 1526 2913 vivens.
1558 2854 1790 2919 Auden-

104 2946 229 3007 dum
255 2965 340 3013 est
369 2955 477 3012 hoc
505 2956 684 3013 etiam'
704 2968 807 3026 pro
834 2955 1073 3011 veritate
1106 2954 1311 3025 dicere,
1356 2954 1512 3025 quod
1554 2954 1793 3025 ipsemet

106 3050 350 3111 omnium
394 3060 625 3125 auctor,
666 3052 908 3125 pulchro
963 3058 1018 3109 et
1068 3054 1219 3109 bono
1262 3051 1522 3131 omnium
1565 3065 1790 3121 amore,

104 3151 317 3215 propter
372 3150 767 3208 excellentiam
828 3162 1117 3206 summam
1174 3148 1468 3206 amatoriae
1522 3147 1791 3205 bonitatis

106 3246 253 3301 extra
293 3262 355 3306 se
395 3262 498 3321 per
538 3247 921 3320 providentias
950 3246 1216 3305 omnium
1256 3260 1454 3307 rerum
1495 3246 1706 3315 existit,
1736 3252 1791 3301 et
