2667 4259
556 286 628 328 nr.
656 284 812 328 noer..
844 286 1072 330 urenae.
1106 302 1183 316 -
1213 285 1397 334 carm
1429 290 1511 332 ιιι.
1818 277 1901 332 93

171 389 432 460 dimisit,
475 387 634 446 unde
673 389 882 450 misere
931 390 1308 450 aeternitatem
1340 369 1499 450 'cum
1550 390 1895 460 mortalitate

127 468 133 478 ⁸
174 488 588 558 commutarim
631 494 688 546 et
730 488 834 560 qui
856 489 1156 560 originem
1189 504 1222 546 a
1257 488 1619 562 corruptibili
1657 503 1895 561 genera-

177 584 340 642 tione
381 592 696 658 acceperat,
735 585 810 644 ad
853 585 1150 644 interitum
1183 586 1394 658 origini
1433 602 1555 646 suae
1594 593 1893 646 consenta-

174 697 362 740 neum
399 682 536 754 jure
573 683 780 742 merito
819 684 1164 756 properavit,
1192 698 1301 742 nec
1326 698 1447 742 non
1472 699 1509 744 a
1535 684 1651 743 vita
1676 685 1893 756 divina,

177 794 316 852 quae
357 780 550 852 ipsum
599 781 674 840 ad
725 795 934 854 supera
983 782 1339 855 surrigebat,
1393 782 1681 854 dilapsuS,
1722 789 1778 843 et
1816 783 1891 842 ad
1952 811 1965 824 ·

170 883 442 936 extrema
485 880 772 938 contraria
788 878 911 952 jam
939 895 1192 952 praeceps
1220 881 1413 954 datus,
1454 881 1629 947 variis
1667 886 1893 954 pertur-

169 975 507 1032 bationibus
541 976 850 1034 obnoxiam
890 984 1094 1036 nactus
1121 985 1208 1036 est
1235 978 1711 1038 immutationem.
1744 977 1891 1036 Cum

170 1087 309 1132 vero
347 1071 520 1130 etiam
557 1086 594 1130 a
627 1080 782 1148 recto
819 1075 1047 1132 tramite
1073 1075 1148 1135 ad
1176 1076 1363 1136 Deum
1394 1090 1595 1136 verum
1623 1076 1913 1136 tendente·

169 1171 522 1241 deflecteret,
560 1176 738 1244 atque
779 1172 1034 1230 exitiosis
1073 1171 1471 1246 maleficisque
1503 1174 1713 1234 turmis
1752 1175 1889 1232 sub-

170 1268 332 1327 ditus
377 1276 688 1342 teneretur,
731 1269 970 1328 minime
1009 1271 1254 1342 advertit
1279 1287 1341 1330 se
1368 1286 1487 1333 non
1526 1271 1637 1328 diis
1664 1277 1719 1328 et
1746 1271 1887 1330 ami÷

170 1370 276 1442 ciS,
321 1369 424 1426 sed
465 1368 688 1438 intestis
727 1368 989 1428 hostibus
1035 1369 1216 1430 fuisse
1261 1371 1632 1440 obsecutum3
1672 1369 1889 1442 quibus

170 1483 240 1526 eo
289 1467 604 1526 crudeliter
651 1481 759 1539 pro
809 1467 1176 1532 immanitate,
1213 1483 1323 1534 sua
1370 1467 1773 1542 abutentibuS,
1824 1467 1886 1532 in

167 1573 358 1624 status
385 1565 908 1638 internecionis-que
935 1566 1246 1626 discrimen
1272 1573 1525 1626 venerat.
1538 1567 1756 1636 Verum
1782 1565 1890 1626 Dei
1933 1561 2079 1610 uebr.
2121 1563 2170 1610 ⁴·

171 1662 518 1736 principans
557 1663 828 1722 honitatis
871 1663 1097 1723 infinita
1135 1664 1459 1736 benignitas
1486 1662 1761 1722 benevolo
1784 1676 1889 1734 per
2010 1635 2111 1749 ἷξες

168 1777 232 1820 se
273 1761 462 1820 nostri
503 1775 704 1820 curam
745 1775 944 1834 gerere
985 1775 1106 1822 non
1145 1761 1381 1836 destitit,
1414 1761 1514 1822 sed
1554 1766 1887 1826 nostrorum
1917 1775 2195 1821 innomine

170 1861 439 1918 omnium
481 1873 616 1917 vere
655 1859 805 1918 tacta
845 1859 1146 1932 pumicem,
1172 1860 1401 1932 absque.
1420 1865 1669 1932 peccato,
1697 1852 1885 1918 bumi-
1918 1844 2182 1960 Ἔξῑὶῗζξιζῖ·

167 1958 440 2030 litatique
478 1963 695 2018 nostrae
736 1958 930 2028 unita,
979 1957 1138 2016 salvo
1189 1957 1605 2032 proprietatum
1642 1971 1887 2018 suarum
1966 1985 2147 2044 qartus.

169 2065 360 2129 statu,
399 2071 586 2130 eoque
626 2071 864 2130 prorsus
905 2058 1210 2124 inconfuso
1259 2065 1317 2116 et
1370 2057 1671 2128 inviolato,
1712 2058 1885 2129 cujus

171 2157 346 2216 etiam
401 2157 598 2226 nobis,
650 2161 848 2228 utpote
902 2156 1240 2228 congeneiS,
1291 2157 1646 2234 consortium
1696 2155 1885 2225 dedit,

171 2269 394 2328 nosque
437 2255 724 2314 bonorum
765 2269 1006 2315 suorum
1047 2253 1350 2326 participes
1384 2253 1711 2322 declaravit,
1746 2266 1882 2324 apo-

170 2356 386 2412 staticae
421 2354 700 2412 nimirum
742 2353 926 2412 turbae
969 2352 1225 2423 imperio,
1255 2352 1413 2422 quod
1440 2350 1748 2408 adversum
1776 2365 1881 2408 nos

169 2451 434 2522 habehat,
471 2452 642 2524 juxta
682 2450 1048 2512 traditionem
1084 2464 1375 2518 arcanam,
1405 2449 1723 2525 profligato,
1761 2461 1881 2504 non

169 2529 390 2610 viribus
447 2565 552 2608 ceu
607 2549 956 2622 praevalens,
1007 2547 1138 2618 sed,
1193 2547 1517 2610 secundum
1571 2546 1881 2617 mysticum

169 2649 503 2722 Eloquium,
547 2647 608 2706 in
643 2647 862 2720 judicio
885 2652 958 2704 ·et
991 2646 1232 2718 justitia.
1275 2645 1549 2704 Nostrum
1590 2658 1727 2704 vero
1767 2649 1879 2702 sta-

171 2753 290 2806 tum
351 2761 384 2803 e
439 2746 663 2806 diverso
717 2744 1029 2804 clementer
1079 2743 1432 2801 immutavit:
1486 2756 1620 2802 nam
1672 2740 1881 2800 mentis

169 2847 408 2918 quidem
449 2851 660 2904 nostrae
693 2843 1100 2916 obscuritatem
1127 2843 1292 2902 beato
1320 2840 1633 2910 divinoque
1659 2837 1883 2898 lumine

169 2945 440 3018 replevit,
481 2942 1016 3012 deformitatemque
1065 2946 1318 3000 nostram
1370 2938 1747 3000 deiformibus
1788 2950 1877 2996 or-

169 3042 456 3104 namentis
495 3039 806 3102 illustravit
814 3055 834 3110 3
875 3037 1055 3096 animi
1101 3043 1296 3096 autem
1346 3035 1703 3096 domicilium
1746 3047 1882 3093 cum

168 3143 420 3214 perfecta
458 3139 645 3198 salute
683 3137 946 3196 essentiae
985 3141 1326 3204 naturaeque
1352 3140 1581 3204 nostrae,
1612 3147 1742 3202 quae
1771 3132 1879 3194 ier-

170 3257 258 3300 me
281 3237 546 3310 collapsa
573 3243 694 3294 erat
721 3242 776 3294 et
801 3234 1143 3302 conciderat,
1186 3231 1513 3292 foedissimis
1547 3231 1885 3302 quibusque

171 3339 536 3415 passionibus
588 3343 763 3408 atque
823 3331 1276 3406 inquinamentis
1337 3330 1527 3392 noxiis
1588 3327 1881 3398 liberavit,
