2667 4259
486 1906 536 1952 S.
556 1906 763 1965 Dionys.

502 1989 612 2021 cum
638 1978 750 2022 Hie·

508 2047 616 2091 roth
624 2060 679 2093 eo
698 2053 745 2090 et

509 2116 658 2161 Petro
682 2124 733 2161 et

540 2184 719 2231 Jacobo

508 2256 625 2315 quid
648 2269 749 2315 eqe-

490 2328 594 2389 rim·
630 2327 757 2372 circa

516 2394 753 2453 defunctoe

517 2466 745 2523 Dee‘paroe

536 2548 734 2595 corpus.

780 318 893 377 172
1254 334 1299 377 s.
1343 332 1594 377 meursii
1635 330 2012 375 annonari-in

778 440 1043 493 nostrum
1082 448 1177 492 res
1216 434 1442 493 divinas
1481 434 1940 507 explanabimus.
1985 430 2046 489 Si
2073 430 2226 489 enim
2269 422 2489 488 solidus

776 532 945 590 cibus
972 533 1356 603 perfectorum
1385 540 1490 604 est,
1517 547 1586 591 eo
1613 533 1784 590 etiam
1813 531 1957 587 alios
1996 544 2232 601 pascere
2257 535 2492 599 quantae

778 631 859 687 sit
898 630 1263 701 perfectionis
1282 632 1312 687 ‘i
1353 632 1552 689 Merito
1595 631 1794 700 itaque
1832 625 2106 697 dicimuS‚
2146 628 2222 684 ad
2265 626 2490 698 spirita-

780 726 930 786 lium
956 729 1340 801 Eloquiorum
1369 728 1755 798 intuitionem,
1775 732 1834 783 et
1857 725 2130 784 subtilem
2157 724 2493 781 eorumdem

782 826 1168 885 eruditionem
1182 870 1200 897 ,
1252 827 1470 884 virtute
1521 824 1690 883 senili
1741 838 1890 895 opus
1945 836 2070 880 esse
2080 837 2102 892 3
2155 833 2494 878 sermonum

783 937 921 981 vero
950 923 1518 992 introductoriorum,
1547 937 1656 980 ceu
1681 919 1970 978 inferioris
1993 925 2166 1002 notae,
2193 916 2495 974 scientiam

780 1033 857 1077 ac
894 1018 1258 1090 disciplinam
1300 1019 1664 1077 initiantibus
1691 1024 1864 1089 atque
1891 1017 2128 1075 initiatis
2167 1013 2494 1081 convenire.

784 1115 967 1189 Atqui
1008 1123 1064 1174 et
1103 1116 1214 1175 hoc
1252 1130 1289 1174 a
1326 1118 1496 1174 nobis
1523 1130 1804 1188 perquam
1833 1116 2088 1173 studiose
2127 1114 2498 1171 observatum

786 1218 890 1284 ο,
933 1228 1008 1271 ne
1048 1214 1374 1284 quidquam
1415 1228 1646 1283 eorum,
1689 1228 1822 1284 quae
1864 1212 2098 1271 divinus
2147 1211 2246 1269 ille
2287 1224 2500 1281 praece-

782 1316 919 1381 ptor
958 1310 1131 1381 plane
1170 1311 1340 1368 nobis
1367 1312 1670 1381 expressit,
1699 1310 1822 1367 ullo
1849 1309 2022 1367 modo
2049 1308 2468 1380 attingeremus
2479 1324 2497 1378 ;

787 1421 865 1463 ne
904 1408 1159 1465 secundo
1202 1409 1404 1466 eadem
1444 1414 1836 1479 repeteremus
1877 1418 2008 1478 quae
2036 1406 2108 1463 ad
2138 1404 2497 1477 scripturam

786 1503 1047 1575 aliquam
1106 1507 1512 1568 elucidandam
1561 1506 1684 1577 ipse
1735 1506 2078 1563 tradiderat:
2131 1518 2274 1561 nam
2328 1504 2499 1559 etiam

786 1602 943 1673 apud
984 1604 1139 1675 ipsos
1180 1606 1377 1663 divino
1419 1604 1636 1676 Spiritu
1677 1604 1879 1675 plenos
1922 1590 2222 1659 Antistites
2271 1606 2500 1658 nostros

794 1698 817 1773 (
846 1716 981 1759 cum
1024 1709 1079 1759 et
1120 1716 1245 1773 nos,
1288 1710 1357 1760 ut
1395 1702 1567 1774 nosti,
1609 1708 1668 1759 et
1708 1702 1828 1772 ipse
1877 1699 2234 1770 plurimique
2275 1704 2498 1755 saneto-

789 1812 925 1857 rum
963 1800 1210 1871 fratrum
1230 1806 1588 1875 nostrorum,
1617 1800 1691 1856 ad
1716 1811 1926 1869 corpus
1963 1796 2132 1866 illud,
2159 1796 2324 1867 quod
2349 1796 2502 1852 dedit

792 1897 1139 1969 principium
1180 1898 1333 1965 vitae,
1373 1898 1676 1965 Deumque
1717 1898 2064 1965 susceperat,
2107 1893 2503 1949 contuendum

793 1994 1183 2063 venissemus;
1225 1994 1424 2050 aderat
1463 1998 1658 2049 autem
1687 1997 1742 2047 et
1769 1991 1943 2051 frater
1969 1989 2200 2047 Domini
2237 1990 2502 2058 Iacobus

794 2096 851 2146 et
876 2090 1097 2160 Petrus,
1128 2104 1399 2160 suprema
1429 2090 1536 2145 ista
1563 2094 1740 2159 atque
1767 2088 2172 2159 antiquissima
2199 2088 2504 2144 summitas

797 2186 1234 2259 Theologorum,
1276 2186 1705 2257 placuissetque
1744 2193 1872 2257 post
1915 2184 2238 2243 contuitum
2267 2183 2504 2241 Antisti-

796 2286 970 2350 tibus
994 2284 1296 2356 omnihuS,
1339 2299 1446 2356 pro
1485 2284 1640 2341 virili
1681 2285 1894 2355 cuique
1948 2298 2084 2353 sua,
2137 2282 2370 2339 infinita
2411 2296 2505 2353 po-

798 2384 977 2441 tentia
1016 2384 1318 2455 praedi'tam
1361 2384 1572 2461 divinae
1613 2381 2019 2440 imbecillitatis
2047 2380 2366 2459 bonitatem
2396 2378 2504 2436 col·

800 2480 1087 2556 laudare)
1132 2483 1254 2553 ipse
1282 2488 1410 2553 post
1439 2480 1774 2551 Theologos,
1817 2486 1882 2535 ut
1921 2478 2092 2547 nosti,
2137 2463 2504 2533 caeteris‘cm-

800 2580 974 2638 nibus
996 2581 1173 2639 sacris
1195 2579 1592 2636 laudatoribus
1613 2576 2005 2645 antecellebat,
2027 2581 2182 2631 totus
2205 2574 2506 2643 excedens

802 2684 959 2735 totus
1000 2692 1063 2735 se
1102 2678 1395 2745 deserenS,
1437 2688 1758 2744 rerumque
1793 2683 1938 2743 quas
1980 2673 2251 2729 laudabat
2279 2685 2506 2729 censor·

802 2775 951 2832 tium
990 2774 1244 2845 patiens;
1288 2772 1540 2842 denique
1567 2770 1640 2826 ab
1665 2771 1955 2841 omnibuS,
1995 2784 2032 2827 a
2073 2769 2290 2839 quibus
2319 2769 2507 2826 audie-

805 2872 979 2930 batur
1012 2885 1087 2928 ec
1132 2871 1446 2939 videbatur,
1489 2874 1607 2924 tam
1647 2881 1682 2923 a
1723 2868 1874 2925 notis
1917 2881 2114 2939 quam·
2145 2866 2388 2938 ignotis,
2433 2866 2509 2923 di-

804 2967 941 3023 vino
1010 2967 1251 3024 numine
1313 2966 1548 3025 afflatus
1607 2966 1958 3036 divinusque
2017 2964 2189 3035 plane
2251 2963 2514 3022 laudator
2573 3000 2584 3013 .
2652 2996 2653 3009 η

808 3065 1166 3120 censebatur.
1212 3062 1324 3120 Sed
1367 3062 1506 3133 quid
1549 3062 1682 3133 tibi,
1727 3076 1998 3135 quaenam
2040 3062 2118 3118 ibi
2161 3061 2514 3118 divinissime

810 3160 962 3217 dicta
1004 3162 1159 3230 sunt,
1200 3160 1431 3217 refero?
1471 3161 1717 3231 Etenim,
1745 3160 1858 3217 nisi
1887 3174 1978 3216 me
2005 3160 2117 3216 mei
2161 3158 2347 3229 capiat
2377 3158 2511 3215 obli-

808 3259 919 3329 vio,
962 3258 1200 3315 memini
1242 3274 1337 3316 me
1377 3258 1588 3330 saepius
1639 3258 1966 3317 divinarum
2023 3258 2262 3327 istarum
2320 3257 2514 3313 lauda-

812 3356 1035 3415 tionum
1078 3364 1267 3428 partes
1308 3356 1535 3429 aliquas
1575 3358 1678 3414 abs
1719 3364 1776 3415 te
1827 3356 2146 3427 accepisse,
2201 3361 2376 3421 tantae
2421 3354 2518 3410 tibi
